1702 2658
544 183 729 218 NOCTES
759 182 987 222 ATTICAE,
1013 181 1114 214 XIX.
1141 180 1164 214 5
1503 178 1554 217 91

151 300 295 351 lingua
313 303 356 340 et
374 298 560 340 oratione
587 298 720 350 ipsius
748 303 833 337 non
860 296 998 336 minus
1027 298 1130 335 scite
1155 306 1281 346 quam
1304 299 1341 333 si
1360 295 1489 343 genti-

152 365 205 405 lis
217 364 228 386 ¹
249 365 338 405 eius
357 367 478 413 esset,
499 363 662 403 locutus
682 365 756 402 est.

736 523 905 563 XIX.3

258 624 356 660 Quod
369 623 504 663 turpius
518 626 570 654 est
585 622 708 661 frigide
717 621 732 643 2
744 621 880 652 laudari
893 629 996 660 quam
1010 620 1166 651 acerbius
1180 620 1381 657 vituperari.

220 707 401 758 Turpius
430 718 519 746 esse
558 706 722 745 dicebat
750 705 982 743 Favorinus
1013 703 1287 754 philosophus
1318 700 1493 751 exigue³

155 775 279 822 atque
298 771 453 821 frigide
481 771 643 810 laudari
662 782 787 820 quam
816 767 1094 808 insectanter⁴
1119 771 1160 806 et
1186 767 1367 817 graviter
1386 766 1493 805 vitu-
1542 777 1562 807 5

155 842 311 887 perari:
344 835 580 882 “Quoniam
599 835 621 855 ’'
650 833 789 885 inquit
818 837 928 884 “qui
955 832 1169 872 maledicit
1197 835 1239 870 et
1267 831 1490 882 vituperat,

155 903 312 951 quanto
330 899 375 938 id
395 899 580 938 acerbius
600 898 716 947 facit,
736 897 849 937 tam⁵
871 897 1052 936 maximo
1072 897 1144 934 ille
1167 902 1242 946 pro
1261 895 1430 934 inimico
1450 898 1492 933 et

155 965 300 1016 iniquo
328 964 493 1003 ducitur
521 967 564 1002 et
591 963 835 1014 plerumque
863 965 1083 1012 propterea
1101 960 1225 999 fidem
1254 967 1338 999 non
1366 959 1489 1010 capit.

158 1029 239 1068 Sed
258 1035 332 1079 qui
356 1027 605 1067 infecunde⁶
623 1031 748 1078 atque
771 1025 935 1065 ieiune⁶
953 1026 1110 1074 laudat,
1132 1024 1306 1064 destitui
1325 1031 1350 1063 a
1369 1030 1494 1063 causa

156 1093 322 1132 videtur
350 1096 392 1131 et
420 1099 575 1131 amicus
605 1090 798 1143 quidem⁷
825 1090 1008 1129 creditur
1036 1090 1136 1139 eius,
1168 1102 1290 1140 quem
1323 1089 1493 1127 laudare
1526 1094 1564 1124 10

157 1157 262 1206 vult,
283 1156 379 1196 sed⁷
398 1156 506 1195 nihil
525 1168 646 1208 posse
665 1161 856 1207 reperire,
878 1155 989 1206 quod
1008 1155 1097 1193 iure
1117 1154 1297 1193 laudet.”

741 1317 861 1356 XIX.
884 1318 910 1356 5

198 1417 252 1447 Ex
264 1416 459 1447 Aristotelis
470 1416 568 1447 libris
582 1418 767 1455 sumptum,
783 1416 873 1454 quod
886 1415 976 1446 nivis
994 1423 1083 1454 aqua
1099 1414 1217 1453 potui⁸
1230 1414 1377 1452 pessima
1391 1413 1448 1445 sit.

228 1500 282 1538 In
308 1499 505 1538 Tiburte⁹
531 1506 602 1538 rus
630 1505 961 1538 concesseramus
989 1498 1170 1537 hominis
1197 1504 1320 1537 amici
1349 1497 1495 1537 divitis

162 1567 319 1603 aestate
343 1570 443 1602 anni
469 1563 793 1613 flagrantissima
821 1575 895 1613 ego
915 1566 958 1601 et
976 1563 1147 1613 quidam
1171 1563 1245 1601 alii
1265 1562 1458 1612 aequales
1471 1561 1498 1583 ¹⁰

163 1632 206 1667 et
241 1628 470 1667 familiares
507 1634 600 1676 mei,
635 1627 895 1678 eloquentiae
932 1631 1005 1666 aut
1044 1627 1333 1677 philosophiae
1371 1630 1498 1665 secta
1530 1638 1568 1668 15

163 1691 316 1732 tores.¹¹
365 1693 472 1749 Erat
490 1692 704 1731 nobiscum
727 1692 792 1730 vir
812 1692 943 1730 bonus
967 1703 1019 1730 ex
1041 1690 1362 1742 Peripatetica¹²
1380 1692 1499 1731 disci-

164 1757 291 1808 plina,
325 1757 428 1796 bene
461 1757 606 1795 doctus
640 1759 682 1794 et
718 1755 960 1795 Aristotelis
999 1755 1121 1794 unice
1154 1755 1495 1795 studiosissimus.

164 1821 209 1860 Is
228 1827 303 1860 nos
323 1833 472 1872 aquam
500 1820 676 1859 multam
696 1832 747 1858 ex
766 1820 902 1859 diluta
912 1819 939 1842 ¹³
957 1820 1053 1858 nive
1076 1820 1264 1859 bibentes
1285 1820 1499 1859 coercebat

263 1946 293 1957 =
301 1933 492 1971 popularis,
524 1933 659 1964 ‘fellow
691 1935 849 1971 country·
878 1941 942 1971 pro
982 1933 1123 1963 inimico
1146 1954 1153 1962 .
1179 1955 1186 1962 .
1212 1933 1391 1963 .ducitur.
1446 1932 1460 1954 ⁶
1480 1933 1570 1962 Both

166 1978 267 2008 man!
884 1979 995 2009 words
1022 1992 1051 2003 =
1085 1955 1297 2017 ‘meagerlyss
1350 1978 1567 2016 ‘sparinglyss

233 2021 560 2062 2frigidelaudan:
585 2023 639 2052 ‘to
650 2023 692 2053 be
703 2023 849 2053 damned
885 2023 963 2054 ⁴·.Cf
979 2033 1011 2061 p.
1027 2024 1075 2060 24,
1092 2033 1125 2053 n.
1142 2024 1190 2053 13.
1243 2023 1284 2044 8‘
1298 2023 1352 2052 for
1365 2023 1547 2061 drinking’

166 2068 250 2099 with
259 2068 348 2098 faint
358 2067 488 2106 praise.'
521 2067 555 2088 8
566 2067 698 2106 feebly!
738 2067 775 2088 4‘
786 2068 851 2097 bit·
884 2069 1000 2099 dative
1014 2069 1051 2098 of
1059 2072 1173 2106 potus
1215 2068 1228 2089 ⁹
1249 2067 1486 2098 Tiburter‘fis:
1505 2069 1567 2097 ‘an

166 2113 276 2152 terly.’
320 2113 390 2143 The
416 2113 510 2143 word
540 2113 570 2143 is
603 2113 743 2143 derived
773 2113 851 2142 ulti·
885 2116 994 2144 estate
1005 2117 1041 2144 at
1052 2114 1181 2149 Tibur,’
1195 2116 1317 2143 atown
1330 2113 1461 2143 sixteen
1472 2113 1570 2142 miles

167 2158 296 2197 mately
310 2158 400 2188 from
420 2159 591 2196 insequor,
607 2158 675 2188 and
695 2158 753 2188 the
774 2158 852 2188 idea
885 2159 1061 2189 southeast
1094 2159 1130 2188 of
1164 2159 1279 2188 Rome.
1334 2157 1361 2179 1⁰
1382 2158 1434 2188 Sc.
1471 2161 1569 2187 natu.

168 2204 347 2242 suggested
360 2204 407 2242 by
420 2204 448 2233 it
461 2204 491 2234 is
505 2204 582 2233 that
596 2203 632 2233 of
652 2212 715 2233 one
729 2212 851 2241 person
885 2203 1114 2234 11⁴students.'
1136 2203 1222 2233 1²i.e.
1230 2204 1288 2233 the
1297 2203 1411 2233 school
1420 2203 1570 2233 founded

169 2249 333 2287 pursuing
374 2258 412 2278 or
452 2248 663 2286 ‘hounding’
698 2249 851 2278 another.
885 2249 931 2287 by
953 2249 1116 2279 Aristotle
1140 2249 1207 2279 and
1230 2249 1339 2279 called
1367 2248 1571 2285 Peripatetic

170 2293 451 2324 ⁶tammixim6:
465 2295 537 2333 join
548 2295 700 2324 maximo
710 2294 794 2324 with
803 2294 856 2325 in-
890 2294 950 2332 (οἰ.
973 2292 1242 2334 περιπατητικός,
1268 2294 1386 2331 ‘given
1409 2296 1444 2323 to
1465 2293 1572 2322 walk-

170 2338 280 2370 ἰηιῑοὸ.
318 2343 390 2370 tam
403 2340 433 2370 is
446 2340 648 2370 correlative
663 2343 699 2370 to
714 2340 854 2378 quant&
886 2338 945 2376 ing
968 2338 1123 2373 about’)‚
1146 2338 1235 2367 from
1261 2337 1453 2367 Aristotle’s
1476 2337 1572 2367 habit

169 2383 239 2413 'Ibe
266 2392 358 2413 more
384 2383 482 2412 usual
510 2382 658 2412 formula
681 2383 792 2412 would
811 2383 852 2413 be
887 2383 924 2413 of
937 2383 1089 2420 walking
1100 2386 1135 2412 to
1150 2382 1217 2412 and
1232 2382 1285 2412 fro
1297 2382 1379 2412 with
1393 2382 1447 2412 his
1460 2381 1573 2419 pupils

171 2431 300 2467 quanto
310 2429 348 2458 id
358 2427 512 2458 acerbius
518 2428 623 2465 facit,
634 2430 729 2458 tanto
739 2428 853 2465 mayis
887 2427 1012 2466 during
1025 2427 1165 2458 lessons.
1207 2427 1235 2448 13
1257 2428 1264 2441 ‘
1277 2426 1426 2457 melted.’
