1734 2600
583 154 769 189 NOCTES
799 153 1028 195 ATTICAE,
1054 154 1083 187 Ι.
1110 154 1154 186 23

165 271 333 324 quinius
355 271 401 310 id
424 270 558 309 multo
585 269 680 309 risit
707 268 840 318 magis
867 267 1068 319 dixitque,
1090 280 1216 306 anum
1235 266 1319 306 iam
1338 263 1505 317 procull

165 337 291 376 dubio
319 333 523 375 delirare.2
589 333 744 372 Mulier
781 333 937 372 ibidem
963 332 1108 371 statim
1137 335 1215 371 tris
1245 331 1349 370 alios
1376 330 1504 369 libros

165 401 324 440 exussit
351 403 477 450 atque
496 399 541 438 id
563 398 702 449 ipsum
731 398 865 436 denuo
892 397 1055 448 placide
1084 400 1214 446 rogat,
1234 399 1282 434 ut
1307 399 1384 434 tris
1414 394 1506 433 reli-

165 472 268 516 quos
291 464 434 504 eodem
462 463 537 502 illo
564 462 699 514 pretio
727 465 848 500 emat.
906 461 1158 512 Tarquinius
1188 467 1256 500 ore
1285 460 1369 499 iam
1398 459 1505 499 serio

164 533 290 580 atque
327 528 549 568 attentiore
586 527 725 566 animo
761 526 822 574 fit,
856 538 948 565 eam
981 525 1258 565 constantiam
1296 525 1506 563 confiden-

165 594 350 644 tiamque
386 591 497 632 non³
532 598 702 642 insuper
738 590 972 630 habendam
1010 589 1231 639 intellegit,
1266 589 1394 628 libros
1427 592 1504 627 tris

165 658 346 709 reliquos
375 661 581 696 mereatur
609 655 742 694 nihilo
770 655 929 694 minore
957 654 1092 706 pretio
1121 667 1246 705 quam
1275 654 1387 705 quod
1416 656 1505 692 erat

111 732 114 736 ·
164 726 343 775 petitum
375 728 450 773 pro
487 721 688 760 omnibus.
748 720 830 759 Sed
860 732 952 758 eam
981 719 1199 758 mulierem
1228 722 1328 757 tuno
1357 725 1382 757 a
1409 719 1507 757 Tar-

165 787 309 838 quinio
341 787 569 836 digressam
603 789 748 836 postea
772 791 978 835 nusquam
1011 784 1092 823 loci
1121 790 1256 823 visam
1289 782 1507 822 constitit.⁴¹

165 851 283 891 Libri
310 854 407 900 tres,
437 850 482 888 in
510 850 736 889 sacrarium
765 849 936 898 conditi,
967 848 1166 900 Sibyllini
1195 847 1417 898 appellati3
1452 847 1506 886 ad

165 922 234 955 eos
271 915 391 966 quasi
428 915 482 954 ad
519 914 730 953 oraculum
762 913 1093 960 Quindecimviri
1129 913 1296 962 adeunt,
1331 924 1424 950 cum
1462 912 1506 950 di

164 979 420 1019 immortales
448 978 614 1030 publice
642 978 887 1018 consulendi
915 981 1023 1017 sunt.

780 1127 814 1165 I.
844 1127 897 1166 23

165 1232 250 1269 Quis
265 1233 372 1264 fuerit
392 1232 549 1271 Papirius
570 1232 829 1269 Praetextatus3
851 1239 938 1270 quae
959 1231 1059 1262 istius
1081 1239 1185 1261 eausa
1205 1231 1421 1270 cognomenti
1442 1230 1505 1269 sit3

255 1283 463 1322 historiaque
477 1283 544 1313 ista
558 1282 668 1312 omnis
683 1290 784 1320 super
797 1281 914 1312 eodem
929 1281 1065 1320 Papirio
1081 1281 1219 1319 cognitu
1228 1280 1242 1302 ⁵
1255 1281 1415 1311 incunda.

233 1371 425 1418 Historia
454 1372 505 1410 de
535 1370 705 1422 Papirio
734 1371 1004 1409 Praetextato
1033 1369 1146 1408 dicta
1178 1373 1414 1420 scriptaque
1443 1373 1507 1408 est

166 1442 202 1475 a.
222 1437 281 1475 M.
303 1434 485 1476 Catone⁶
503 1436 548 1474 in
567 1435 763 1484 oratione,
785 1441 868 1485 qua
894 1441 994 1474 usus
1023 1438 1087 1473 est
1106 1434 1160 1473 ad
1179 1434 1336 1473 milites
1365 1438 1509 1473 eontra

168 1500 372 1549 Galbam,⁷
391 1513 485 1539 cum
499 1499 632 1538 multa
651 1499 820 1550 quidem
835 1502 1054 1538 venustate
1066 1498 1080 1521 ⁸
1098 1502 1224 1550 atque
1247 1499 1339 1537 luce
1350 1498 1364 1521 ⁹
1382 1503 1507 1549 atque

167 1565 376 1604 munditia
388 1564 414 1586 ¹⁰
445 1565 674 1603 verborum.
732 1564 796 1602 Ea
828 1563 998 1603 Catonis
1037 1563 1165 1602 verba
1200 1563 1298 1602 huie
1339 1570 1507 1614 prorsus

167 1629 463 1669 commentario
486 1629 743 1677 indidissem,
765 1627 840 1667 si11
859 1628 957 1667 libri
975 1628 1094 1679 copia
1113 1628 1265 1667 fuisset
1287 1628 1332 1666 id
1354 1632 1508 1679 tempo-

166 1694 236 1744 ris,
253 1706 347 1733 cum
369 1694 470 1733 haee
486 1693 653 1732 dictavi.
711 1693 830 1739 Quod
849 1699 885 1732 si
903 1698 987 1732 11011
1006 1692 1184 1732 virtutes
1200 1692 1507 1744 dignitatesque

1522 150 1575 190 29

1538 851 1577 881 10

1540 1378 1577 1408 15

1539 1703 1578 1732 20

234 1824 247 1846 1
270 1838 300 1849 =
315 1826 399 1855 sine.
447 1823 462 1845 2
484 1837 514 1849 =
529 1825 696 1855 insanire.
748 1822 762 1844 3
782 1822 855 1853 m‘m

166 1870 316 1908 insuper
346 1868 549 1900 habendam
563 1883 593 1893 =
608 1878 678 1899 non
710 1871 855 1899 contem-

169 1916 329 1945 nendam.
380 1915 418 1944 In
453 1915 522 1945 this
555 1915 679 1952 phrase
711 1914 854 1951 insuper

170 1960 333 1998 virtually
366 1960 483 1998 equals
523 1968 544 1990 a
583 1960 756 1998 predicate
796 1959 854 1989 ad-

168 2005 304 2044 jective,
316 2005 476 2043 meaning
492 2006 499 2020 ‘
511 2005 748 2042 superfluous.’
770 2004 853 2034 Con-

168 2053 257 2080 trast
277 2051 363 2081 satis
383 2050 505 2080 habere
519 2063 549 2074 =
564 2051 570 2063 ⁸
583 2053 619 2080 to
633 2051 674 2080 be
688 2050 851 2080 content.’

167 2094 182 2116 4
201 2105 247 2126 se.
262 2096 353 2126 inter
372 2104 488 2126 omnes
509 2096 701 2132 scriptores,
717 2095 771 2125 i.e.
788 2095 795 2109 ‘
807 2094 854 2124 all

168 2141 369 2171 authorities
403 2149 461 2171 are
494 2140 639 2177 agreed.’
689 2139 703 2161 ⁵
723 2139 853 2170 Gellius

168 2187 264 2217 often
297 2195 374 2216 uses
401 2187 460 2216 the
486 2186 590 2216 latter
624 2185 743 2223 supine
768 2185 853 2215 with

168 2231 373 2270 adJectives:
403 2232 448 2262 cf.
474 2234 666 2261 memoratu
695 2231 852 2268 diqnum,

168 2276 242 2307 also
249 2276 358 2314 facile
372 2277 515 2306 inventu
528 2279 629 2314 atque
642 2276 852 2313 depromptu,

167 2330 201 2359 p.
217 2322 264 2357 15,
276 2321 312 2350 11.
325 2322 344 2352 7
355 2321 422 2351 and
434 2322 480 2351 14.
519 2321 534 2342 ⁶
554 2321 600 2350 M.
616 2321 755 2350 Porcius
769 2320 854 2350 Cato

173 2367 323 2404 (234-149
333 2365 435 2403 B.c.),
450 2366 566 2396 father
576 2366 613 2395 of
627 2366 727 2396 Latin
743 2374 852 2403 prose.

168 2410 221 2443 He
234 2414 357 2442 wrote:
385 2410 432 2449 (1)
461 2410 663 2448 Origines,a
677 2410 853 2441 historical

890 1822 986 1853 work
1000 1822 1035 1852 in
1051 1831 1154 1852 seven
1175 1822 1295 1858 books,
1307 1822 1344 1852 of
1363 1822 1475 1852 which
1496 1823 1578 1861 only

889 1868 1079 1906 fragments
1113 1868 1261 1904 remain;
1308 1866 1355 1905 (2)
1389 1876 1411 1898 a
1437 1868 1577 1898 treatise

889 1913 939 1943 De
975 1913 1023 1943 Re
1059 1913 1212 1949 Rustica,
1241 1913 1351 1943 which
1382 1913 1411 1943 is
1442 1916 1575 1950 extant,

889 1959 1019 1997 though
1065 1958 1101 1988 in
1144 1967 1165 1988 a
1212 1958 1399 1988 somewhat
1445 1959 1576 1988 altered

889 2004 996 2041 form;
1027 2003 1074 2042 (3)
1104 2003 1277 2039 Orations,
1299 2003 1336 2033 of
1362 2003 1473 2033 which
1495 2012 1577 2033 over

889 2058 952 2080 one
973 2049 1127 2079 hundred
1149 2049 1216 2079 and
1242 2048 1322 2086 fifty
1337 2057 1424 2078 were
1448 2049 1575 2078 known

888 2097 924 2124 to
943 2094 1071 2124 Cicero.
1112 2093 1125 2115 ⁷
1146 2094 1239 2124 Serv.
1263 2093 1433 2131 Sulpicius
1453 2093 1575 2129 Galba,

889 2139 1064 2169 notorious
1089 2139 1143 2169 for
1167 2139 1340 2170 extol-tion
1368 2138 1470 2169 while
1497 2148 1578 2177 gov-

889 2194 988 2215 ernor
1021 2185 1058 2214 of
1097 2185 1278 2215 Lusitania
1316 2184 1504 2222 (Portugal)
1542 2184 1576 2213 in

890 2231 956 2259 151.
1008 2229 1022 2251 8
1046 2230 1187 2268 ‘grace.'
1250 2229 1265 2251 ⁹
1286 2229 1470 2268 ‘lucidity.’
1522 2229 1575 2259 Cf.

889 2277 968 2305 note
982 2284 1026 2305 on
1037 2275 1198 2312 dilucide,
1211 2284 1243 2313 p.
1257 2274 1341 2311 19,1.
1354 2275 1402 2304 11.
1445 2273 1472 2295 1⁰
1495 2275 1502 2289 ‘
1513 2274 1579 2304 ele-

888 2320 1018 2358 gance.’
1071 2319 1098 2340 11
1118 2320 1151 2350 si
1172 2341 1180 2350 .
1207 2342 1214 2349 .
1241 2342 1248 2349 .
1273 2318 1423 2350 fuisset:
1475 2319 1522 2348 ‘if
1562 2320 1577 2349 I

888 2365 1052 2440 lgadkhad
1079 2374 1100 2395 a
1127 2365 1254 2396 chance
1283 2368 1320 2395 to
1350 2364 1486 2395 consult
1519 2364 1578 2393 the

912 2419 954 2440 oo
984 2432 991 2439 .
