1748 2704
597 172 783 207 NOCTES
813 170 1041 211 ATTICAE,
1067 170 1187 203 XVII.
1213 169 1235 201 9
1566 166 1618 205 85

213 297 385 344 tumque
404 302 504 331 esse.
561 289 668 328 Tum
682 287 792 326 inter
810 286 913 325 haec
933 292 1074 325 eorum
1088 284 1215 323 verba
1234 283 1432 322 Arionem
1456 293 1550 320 cum

214 357 366 397 fidibus
389 359 432 395 et
459 354 728 401 indumentis,
759 364 853 390 cum
882 350 1032 401 quibus
1056 356 1100 389 se
1123 349 1168 387 in
1190 346 1350 388 salum1
1378 346 1551 385 eiacular

214 420 360 471 verat?
385 418 610 467 exstitisse,
639 416 805 456 navitas
839 415 1096 466 stupefactos
1134 413 1428 463 convictosque
1466 410 1552 449 ire³

215 485 372 525 infitias
400 490 484 523 non
503 488 653 534 quisse.
710 481 816 519 Eam
844 479 1032 519 fabulam
1061 479 1196 517 dicere
1225 477 1397 517 Lesbios
1418 479 1459 515 et
1479 476 1552 515 Co-

214 550 393 589 rinthios
422 551 546 598 atque
575 558 664 586 esse
683 545 851 585 fabulae
871 547 1174 594 argumentum,
1196 542 1307 593 quod
1330 540 1553 581 simulacra
1602 553 1621 582 5

215 615 297 654 duo
324 620 452 653 aenea
473 612 527 651 ad
548 612 782 651 Taenarum
809 612 1057 658 viserentur,
1078 607 1302 659 delphinus
1330 606 1487 645 vehens
1511 609 1553 644 et

214 680 339 718 homo
357 677 554 718 insidens.

788 771 930 812 XVII.
951 772 977 811 9

216 871 267 904 De
279 871 371 902 notis
381 869 395 891 4
414 870 621 905 litterarum,
637 876 723 907 quae
737 867 774 897 in
787 866 825 897 C.
838 865 994 897 Caesaris
1014 864 1170 904 epistulis
1191 863 1424 902 reperiuntur;
1447 863 1555 902 deque

281 921 359 952 aliis
372 919 594 950 clandestinis
602 917 617 939 ⁵
630 918 757 948 litteris
768 925 811 947 ex
821 918 937 947 vetere
948 915 1093 946 historia
1106 915 1226 953 petitis
1236 924 1243 952 3
1262 916 1297 945 et
1308 913 1388 952 quid
1403 913 1534 944 σκυτάλη
1542 912 1558 934 ⁶

281 971 327 1001 sit
340 969 516 1000 Laconica.
788 997 792 1002 ,
1588 959 1626 988 10

284 1049 404 1088 Libri
433 1050 531 1087 sunt
560 1045 834 1097 epistularum
862 1045 911 1090 G„
938 1043 1126 1084 Caesaris
1153 1043 1206 1082 ad
1234 1043 1277 1082 O.
1304 1041 1486 1093 Oppium
1515 1045 1557 1079 et

220 1108 397 1153 Balbum
427 1110 677 1159 Cornelium,
708 1116 782 1161 qui
817 1108 965 1148 rebus⁷
1003 1108 1092 1148 eius
1130 1107 1314 1147 absentis
1343 1107 1554 1145 curabant.

220 1178 274 1217 In
299 1177 367 1216 his
395 1175 588 1227 epistulis
612 1174 860 1226 quibusdam
888 1173 934 1212 in
961 1173 1063 1212 locis
1091 1172 1364 1211 inveniuntur
1391 1171 1557 1209 litterae

221 1239 498 1292 singulariae⁸
525 1240 614 1280 sine
643 1242 896 1289 coagmentis
930 1237 1197 1289 syllabarum,
1227 1242 1331 1287 quas
1360 1239 1408 1274 tsi
1436 1238 1558 1286 putes

220 1306 379 1358 positas
397 1303 655 1354 incondite93
684 1316 782 1342 nam
800 1302 927 1341 verba
945 1314 998 1341 ex
1016 1301 1083 1341 his
1103 1301 1257 1340 litteris
1277 1299 1424 1340 confici
1442 1299 1561 1338 nulla
1591 1312 1629 1341 15

221 1374 407 1422 possunt.
459 1370 564 1408 Erat
582 1372 721 1408 autem
735 1371 986 1406 conventum
999 1365 1026 1388 ¹⁰
1043 1366 1154 1405 inter
1168 1372 1237 1405 eos
1253 1365 1559 1404 clandestinum

223 1435 275 1474 de
303 1434 594 1473 commutando
627 1431 751 1472 sit1i¹¹
782 1432 1030 1480 litterarum,
1056 1434 1106 1470 ut
1133 1430 1178 1468 in
1207 1433 1362 1480 scripto
1391 1429 1560 1480 quidem

223 1499 308 1538 alia
334 1498 439 1537 aliae
467 1498 602 1537 locum
622 1501 664 1536 et
682 1495 872 1536 nomen¹²
890 1499 1063 1544 teneret,
1086 1494 1222 1534 sedin
1245 1494 1420 1544 legendo
1445 1493 1559 1532 locus

224 1569 372 1614 cuique
392 1575 490 1602 suus
510 1566 553 1601 et
571 1565 757 1613 potestas
769 1560 796 1582 ¹²
814 1560 1126 1609 restitueretur3
1156 1571 1360 1610 quaenam
1378 1564 1477 1597 vero
1496 1558 1562 1596 lit-

223 1631 315 1667 tera
342 1633 417 1678 prs)
446 1632 530 1678 qua
557 1626 805 1665 scriberetur
834 1628 931 1664 ante
950 1624 1030 1673 is,¹³
1060 1627 1185 1663 sicuti
1220 1623 1321 1672 dixi,
1352 1622 1562 1673 conplace-
1592 1632 1632 1661 20

224 1692 307 1742 bat,
339 1697 413 1742 qui
449 1691 556 1730 hanc
595 1690 804 1730 scribendi
841 1689 1044 1728 latebram
1081 1688 1296 1739 parabant.
1352 1688 1431 1726 Est
1459 1688 1562 1726 adeo

224 1756 352 1796 Probi
363 1755 389 1778 ¹⁴
407 1755 667 1807 grammatici
694 1753 1014 1794 commentarius
1045 1753 1147 1793 satis
1174 1753 1334 1792 curiose
1353 1752 1491 1792 factus
1510 1753 1562 1791 de

293 1881 307 1904 1
323 1895 354 1907 =
370 1891 477 1913 mare.
517 1881 533 1903 2
553 1881 639 1912 ‘had
659 1880 779 1920 flung.'
820 1880 835 1902 ⁸
854 1880 909 1912 Cf.
945 1880 1056 1911 which
1069 1888 1187 1911 means
1210 1880 1287 1910 that
1308 1879 1367 1910 the
1388 1878 1548 1918 adJ‘acent
1571 1878 1634 1909 let-

226 1936 261 1966 p.
274 1927 324 1964 42,
338 1935 373 1957 n.
394 1928 443 1957 12.
483 1926 499 1948 4
518 1927 630 1958 Notae
658 1926 855 1957 litterarum
881 1926 911 1957 is
945 1928 1015 1957 ters
1033 1926 1133 1956 could
1154 1928 1216 1956 not
1236 1926 1278 1956 be
1299 1925 1418 1955 united
1439 1925 1512 1955 into
1531 1924 1634 1963 sylla-

227 1973 285 2002 the
318 1972 454 2011 regular
486 1972 682 2011 expression
717 1972 772 2003 for
799 1971 913 2002 ‘writ-
945 1971 1027 2002 bles.
1057 1971 1137 2002 ⁹01.
1147 1981 1180 2010 p.
1192 1970 1273 2008 16,1.
1287 1971 1316 2000 3.
1346 1970 1374 1991 10
1390 1969 1632 2008 ‘agreement.’

227 2020 286 2048 ten
299 2017 517 2048 characters!
557 2017 659 2054 Here,
674 2018 842 2054 however,
852 2018 911 2048 the
945 2016 973 2038 11
987 2018 994 2030 ⁸
1003 2017 1170 2055 position,'
1185 2016 1318 2046 ‘orden'
1351 2015 1379 2036 12
1391 2017 1398 2028 ‘
1410 2015 1531 2045 value.'
1560 2014 1588 2036 13
1601 2014 1634 2044 is

227 2063 400 2094 reference
422 2063 452 2093 is
475 2065 511 2093 to
534 2062 722 2093 shorthand
743 2071 782 2092 or
801 2065 912 2093 steno-
949 2062 1059 2099 (ωδε)
1074 2059 1368 2099 ...conplacebat
1391 2061 1501 2091 z‘was
1509 2060 1634 2099 agreed

227 2108 369 2147 graphio
401 2108 505 2146 signs.
554 2106 570 2129 5
586 2106 821 2138 clandestinis
852 2105 912 2137 lit-
945 2116 1035 2145 upon
1045 2108 1091 2145 by
1099 2107 1217 2137 those!
1244 2107 1330 2147 How
1338 2106 1515 2145 literally‘?
1546 2105 1574 2126 14
1585 2106 1631 2135 M.

227 2153 334 2184 toris:
358 2153 366 2168 ⁴
379 2153 495 2191 cipher
518 2153 688 2191 systems.’
729 2152 744 2174 ⁶
763 2153 830 2182 For
853 2152 911 2183 the
946 2151 1103 2183 Valerius
1142 2152 1285 2188 Probus,
1322 2160 1343 2181 a
1383 2151 1634 2189 distinguished

228 2199 388 2238 meaning
401 2199 438 2229 of
451 2198 520 2229 this
534 2198 626 2228 word
641 2207 696 2228 see
710 2207 743 2237 p.
754 2199 804 2235 86,
819 2197 842 2227 l.
855 2198 874 2228 3
883 2198 909 2228 f.
945 2197 1176 2236 grammarian
1187 2197 1224 2227 of
1235 2197 1292 2227 the
1301 2196 1379 2227 first
1390 2200 1534 2235 century
1543 2204 1632 2233 A.D.,

229 2243 243 2266 ⁷
261 2244 378 2275 dative
400 2244 487 2274 with
509 2242 697 2280 curabant,
713 2252 757 2274 an
776 2243 912 2274 archaic
945 2243 1021 2273 who
1040 2243 1160 2273 busied
1180 2242 1318 2272 himself
1338 2241 1463 2280 chiefly
1476 2242 1561 2272 with
1575 2242 1634 2271 the

228 2289 478 2327 construction3
504 2290 562 2319 the
586 2289 780 2319 accusative
804 2288 834 2318 is
853 2289 912 2319 the
945 2287 1079 2318 critical
1099 2287 1248 2318 revision
1272 2286 1340 2317 and
1364 2287 1574 2317 elucidation
1597 2286 1634 2316 of

229 2334 365 2373 regular
373 2334 616 2365 construction.
652 2331 910 2373 ⁸singulariae‚
946 2334 1004 2363 the
1027 2335 1120 2363 texts
1139 2333 1176 2362 of
1199 2332 1338 2363 various
1358 2332 1459 2362 Latin
1479 2332 1632 2367 authors,

229 2379 339 2410 which
349 2392 380 2404 =
393 2380 402 2394 ‘
412 2388 476 2410 one
483 2380 531 2418 by
539 2379 626 2417 one,’
638 2379 668 2410 is
678 2379 912 2417 immediately
947 2378 1130 2417 especially
1142 2378 1333 2413 Lucretius,
1346 2377 1475 2416 Vergil,
1487 2377 1632 2413 Horace,

230 2424 408 2464 explained
437 2425 484 2463 by
508 2422 587 2455 sino
604 2445 611 2451 -
626 2446 635 2455 .
650 2446 659 2454 .
674 2422 912 2463 syllabarum.
948 2424 1016 2454 and
1024 2423 1171 2454 Persius.
1196 2423 1249 2454 He
1257 2422 1634 2454 wroteaworkalsoon
