1734 2600
602 128 787 162 NOCTES
818 127 1045 167 ATTICAE,
1069 127 1098 159 Ι.
1124 127 1146 159 6

170 244 478 301 progressibus¹
513 256 648 295 neque
685 242 873 293 longiora
903 241 1009 280 mihi
1042 241 1132 280 dari
1169 240 1307 291 spatia
1338 239 1509 278 vivendi

170 313 264 353 volo
283 324 408 364 quam
427 310 526 349 dum
545 314 614 348 ero
634 308 688 347 ad
705 307 813 346 hanc
833 318 997 358 quoque
1025 305 1271 345 facultatem
1300 303 1508 344 scribendi

170 371 584 425 commentandique²
610 372 794 412 idoneus.

794 525 885 564 I.6

170 633 284 665 Verba
303 641 347 664 ex
365 631 517 664 oratione
537 630 668 661 Metelli
688 627 889 666 Numidici‚⁸
909 636 1011 667 quam
1031 627 1121 658 dixit
1141 627 1177 657 in
1197 628 1342 658 censura
1365 625 1431 657 ad⁴
1450 635 1508 664 po-

237 682 367 722 pulum,
389 690 467 713 cum
487 689 564 711 eum
585 679 629 710 ad
650 680 771 710 uxores
791 678 964 709 ducendas
987 678 1244 714 adhortaretur3
1272 685 1378 715 eaque
1398 676 1508 707 oratio

238 741 340 771 quam
360 732 403 762 ob
423 739 563 762 causam
583 729 787 768 reprehensa
807 731 842 759 et
862 732 928 767 quo
947 730 1068 758 contra
1087 727 1188 758 modo
1207 727 1347 757 defensa
1367 725 1441 756 sit.5

238 819 388 859 Multis
422 822 464 858 et
493 818 669 857 eruditis
697 817 800 856 viris
829 815 1094 855 audientibus
1128 815 1342 864 legebatur
1375 813 1508 853 oratio

172 884 337 923 Metelli
363 882 590 931 Numidici,
611 881 748 932 gravis
774 887 822 920 ac
848 880 995 919 diserti
1013 880 1105 929 viri,
1127 892 1251 930 quam
1270 879 1316 917 in
1335 884 1510 918 censura

173 948 281 988 dixit
318 948 372 987 ad
407 946 608 998 populum
641 946 692 984 de
729 945 928 984 ducendis
961 944 1170 993 uxoribus,
1204 956 1297 982 cum
1330 956 1423 982 eum
1457 943 1510 982 ad

173 1007 440 1052 matrimonia
458 1009 734 1062 capessenda⁶
769 1010 1018 1048 hortaretur.
1076 1009 1130 1046 In
1158 1014 1206 1047 ea
1234 1007 1421 1047 oratione
1449 1007 1511 1046 ita

175 1080 377 1128 scriptum
395 1076 502 1115 fuit:
533 1079 556 1099 “
571 1075 616 1114 Si
635 1075 725 1114 sine
743 1080 871 1113 uxore
891 1080 1031 1112 vivere
1051 1079 1279 1124 possemus,
1299 1072 1510 1121 Quirites‚⁷

175 1147 289 1181 omni
325 1147 374 1180 ea
409 1139 602 1180 molestia
638 1145 893 1188 careremus3
933 1142 997 1177 set
1034 1137 1231 1188 quoniam
1267 1137 1330 1176 ita
1360 1141 1512 1176 natura

174 1205 362 1254 tradidit,
382 1208 430 1243 ut
462 1216 538 1243 nec
570 1216 664 1243 cum
691 1203 778 1242 illis
805 1202 908 1242 satis
937 1201 1178 1251 commode?
1202 1214 1277 1240 nec
1306 1202 1395 1241 sine
1424 1201 1510 1240 illis

175 1270 263 1310 ullo
281 1270 403 1309 modo
422 1275 510 1308 vivi
528 1268 674 1320 possit,
695 1267 823 1307 saluti
841 1272 1066 1318 perpetuae
1085 1266 1224 1318 potius
1245 1279 1370 1318 quam
1395 1266 1512 1305 brevi

176 1334 386 1387 voluptati
405 1333 703 1373 consulendum
723 1332 826 1372 est.’'

243 1398 476 1439 Videbatur
500 1397 761 1448 quibusdam,
781 1397 826 1443 Q.
849 1396 1067 1435 Metellum
1092 1402 1315 1444 censorem,
1337 1402 1403 1434 cui
1423 1402 1514 1434 con-

179 1462 345 1503 silium⁹
372 1466 482 1502 esset
512 1462 566 1501 ad
591 1468 741 1501 uxores
772 1461 981 1500 ducendas
1010 1461 1209 1512 populum
1236 1461 1409 1510 hortari,
1429 1466 1514 1499 non

179 1527 412 1578 oportuisse
457 1527 508 1566 de
553 1526 747 1566 molestia
791 1526 1147 1576 incommodisque
1193 1529 1406 1576 perpetuis
1453 1531 1514 1563 rei

178 1591 348 1631 uxoriae
360 1590 387 1613 ¹⁰
411 1590 612 1640 confiteri,
642 1602 777 1641 neque
807 1590 852 1628 id
863 1589 889 1611 ¹¹
918 1590 1079 1629 hortari
1108 1590 1240 1640 magis
1269 1602 1359 1629 esse
1389 1602 1514 1640 quam

249 1742 262 1764 1
281 1749 363 1774 cum
386 1765 393 1772 .
411 1765 418 1772 .
437 1765 444 1772 .
463 1742 563 1772 vitae
587 1764 593 1771 .
612 1764 619 1771 .
639 1764 645 1770 .
667 1740 866 1780 progressi-

179 1787 264 1819 bus:
308 1788 410 1818 ‘with
437 1797 496 1826 my
522 1787 714 1825 advancing
739 1787 863 1825 years.’

1528 124 1579 162 17

1541 1019 1580 1048 10

1544 1347 1581 1377 15

900 1741 934 1770 111
954 1749 998 1771 311
1016 1741 1156 1772 addi-ess
1177 1744 1213 1771 to
1231 1742 1290 1772 the
1312 1741 1443 1771 Roman
1466 1740 1585 1779 people

900 1787 998 1817 when
1013 1787 1202 1817 assembled
1217 1796 1255 1817 as
1275 1787 1427 1817 citizens.
1469 1786 1586 1817 Sueto-

180 1833 196 1855 2
218 1834 225 1848 ‘
235 1833 422 1872 studying.’
462 1833 516 1864 Cf.
531 1842 564 1871 p.
580 1833 629 1870 16,
644 1841 678 1862 n.
693 1833 723 1862 3.

232 1878 247 1900 ⁸
267 1879 306 1913 Q.
319 1878 486 1909 Caecilius
500 1878 670 1915 Metellus,
683 1877 865 1908 surnamed

182 1924 384 1954 Numidicus
411 1925 555 1954 because
585 1923 623 1954 of
657 1924 715 1953 the
739 1931 866 1961 energy

182 1969 268 1999 with
290 1969 402 1999 which
428 1969 470 1999 he
494 1968 695 2007 prosecuted
715 1969 773 1998 the
794 1977 865 1998 war

183 2014 320 2053 against
335 2013 508 2052 Jugurtha
528 2013 583 2043 till
601 2013 806 2051 superseded
820 2014 865 2051 by

183 2059 314 2090 Marius
333 2059 367 2089 in
389 2060 445 2089 107
468 2066 539 2089 B.c.
590 2059 642 2089 He
658 2067 728 2089 was
748 2067 867 2089 censor

183 2105 219 2135 in
231 2105 299 2135 102.
333 2103 348 2125 4
361 2104 414 2135 Cf.
431 2107 527 2142 aput,
542 2113 574 2142 p.
585 2104 668 2140 18,1.
680 2105 727 2134 18.
768 2102 783 2125 ⁵
796 2103 866 2134 The

183 2149 402 2189 subjunctive
415 2150 512 2180 osten
526 2149 646 2179 stands
658 2149 692 2178 in
704 2149 762 2179 the
773 2149 867 2179 titles

184 2195 221 2225 ot
247 2196 305 2226 the
332 2195 471 2225 various
491 2195 661 2233 chapters‚
683 2194 751 2224 and
774 2194 804 2224 is
831 2197 867 2224 to

184 2241 226 2271 be
249 2240 430 2278 explained
447 2241 494 2278 by
507 2241 566 2270 the
588 2240 661 2270 fact
681 2240 758 2270 that
771 2239 867 2269 there

185 2285 214 2315 is
241 2294 285 2316 an
313 2285 441 2323 ellipsis
474 2285 511 2315 of
544 2294 636 2315 some
668 2284 764 2315 word
797 2285 867 2316 like

186 2331 367 2369 quaeritur
393 2339 431 2360 or
461 2330 653 2367 exponitur.
694 2330 709 2351 ὃ
730 2330 870 2360 ‘under-

185 2375 319 2414 taking‚
339 2375 521 2413 essaying.’

403 2440 490 2463 Am..
513 2439 598 2463 GEL.
613 2448 657 2455 —
667 2431 689 2462 2

901 1832 977 1862 nius
998 1832 1122 1862 relates
1140 1833 1217 1862 that
1232 1831 1345 1862 Julius
1363 1832 1489 1863 Caesar
1503 1841 1586 1862 once

900 1877 1034 1916 quelled
1055 1886 1076 1907 a
1094 1878 1230 1916 mutiny
1248 1878 1284 1907 of
1304 1878 1357 1908 his
1377 1878 1519 1908 soldiers
1541 1878 1587 1916 by

900 1923 1102 1961 addressing
1121 1924 1212 1953 them
1229 1932 1268 1953 as
1290 1922 1438 1957 Quirites
1453 1922 1586 1953 instead

900 1968 937 1998 of
969 1968 1106 1998 milites.
1149 1968 1162 1989 8
1183 1969 1190 1982 ⁴
1203 1969 1238 1997 in
1264 1977 1367 2006 peace
1399 1968 1466 1998 and
1499 1977 1588 1998 com-

901 2013 996 2043 10113
1037 2013 1051 2034 9
1070 2013 1149 2043 cui.
1166 2036 1173 2043 .
1192 2036 1198 2043 .
1215 2014 1327 2043 esset:
1351 2013 1460 2043 ‘since
1474 2014 1502 2042 it
1515 2022 1587 2043 was

901 2058 954 2088 1113
971 2058 1111 2097 design.'
1150 2058 1176 2079 1⁰
1189 2058 1244 2088 rei
1260 2057 1410 2088 uxoriae
1423 2072 1453 2082 =
1469 2058 1588 2088 matri-

901 2104 1021 2133 monii.
1076 2103 1129 2133 Cf.
1155 2104 1213 2133 the
1240 2112 1396 2133 common
1424 2112 1477 2133 res
1498 2103 1587 2134 mili-

903 2149 1000 2185 taris,
1028 2157 1081 2178 res
1100 2148 1310 2186 familiaris.
1357 2149 1486 2179 Gellius
1511 2157 1587 2179 uses

902 2194 975 2224 also
989 2202 1042 2224 res
1055 2194 1255 2230 iudiciaria,
1272 2194 1339 2224 and
1365 2203 1419 2224 res
1439 2194 1586 2224 cibaria.

903 2238 930 2259 11
950 2239 987 2268 id
1001 2239 1108 2269 refers
1119 2239 1208 2269 back
1219 2242 1255 2269 to
1267 2240 1430 2277 confiteri.
1466 2240 1588 2269 Trans-

902 2284 972 2314 late
1001 2284 1087 2314 ‘and
1114 2285 1191 2314 that
1218 2285 1302 2315 such
1328 2293 1349 2314 a
1375 2293 1494 2314 course
1518 2293 1588 2314 was

903 2338 997 2360 more
1016 2329 1126 2368 likely
1146 2333 1183 2360 to
1203 2330 1362 2360 dissuade
1386 2331 1479 2360 them
1504 2331 1588 2360 than

564 2374 578 2396 ⁷
590 2375 661 2405 The
681 2377 769 2405 term
787 2375 868 2405 used
904 2378 940 2405 to
958 2375 1150 2413 persuade.'
