1734 2600
580 140 766 174 NOCTES
796 139 1023 180 ATTICAE,
1049 139 1114 172 IX.
1143 140 1182 172 11

796 271 872 310 IX.
903 271 954 310 11

474 376 524 408 De
537 375 676 407 Valerio
688 375 852 413 Corvin63
874 377 909 406 et
922 374 1012 405 unde
1029 374 1232 406 Corvinusl.

247 466 311 504 De
330 464 516 504 Maxime
534 463 730 513 Valerie‚²
757 463 830 515 qui
859 464 1061 503 Corvinus
1091 461 1325 513 appellatus
1355 464 1418 500 est
1441 460 1518 500 ob³

181 529 383 569 auxilium
405 529 859 580 prepugnatienemque
887 534 1000 566 corvi
1027 527 1153 575 alitis,
1174 526 1277 565 haut
1296 526 1516 576 quisquam

181 598 245 634 est
263 593 463 633 nebilium
486 597 745 644 scripterum,
766 599 839 644 qui
859 605 975 632 secus
987 591 1002 613 ⁴
1020 591 1183 630 dixerit.
1241 591 1305 629 Ea
1322 597 1387 630 res
1407 596 1518 641 prer-

181 671 252 698 sus
274 658 465 697 miranda
492 664 551 697 sic
578 658 766 709 profecte
794 661 858 696 est
886 657 931 695 in
958 656 1076 695 libris
1105 655 1338 694 Annalibus
1369 667 1518 693 memo-

181 725 292 762 rata:
327 722 584 762 Adulescens
612 721 715 761 ta11⁵
742 734 890 771 genere
920 721 1070 769 editus,
1099 721 1144 758 L.
1175 719 1313 768 Furi6‚
1344 719 1518 759 Claudie

181 786 321 838 Appie
357 787 594 826 censulibus
631 782 681 825 fit
717 786 909 825 tribunus
947 784 1152 823 militaris.
1211 784 1364 840 Atque·
1388 783 1434 821 in
1470 789 1518 822 ee

181 854 367 902 tempore
399 851 540 902 cepiae
575 851 790 890 Gallerum
823 850 1012 899 ingentes
1047 862 1190 898 agrum
1222 846 1519 898 Pomptinum⁶

181 916 420 955 insederant
447 915 841 966 instruebanturque
870 914 977 953 acies
1004 920 1029 952 a
1053 913 1290 952 censulibus
1314 912 1390 951 de⁷
1408 918 1453 950 vi
1471 918 1518 951 ac

181 976 452 1019 multitudine
471 979 655 1019 hostium
676 979 804 1019 satis⁸
823 979 1051 1029 agentibus.
1110 979 1207 1016 Dux
1236 977 1395 1016 interea
1424 977 1519 1016 Gal-

182 1044 327 1093 lerum‚
347 1048 468 1084 vasta
487 1048 528 1083 et
548 1044 676 1083 ardue
694 1043 942 1094 preceritate
955 1042 970 1065 ⁹
988 1049 1195 1093 armisque
1222 1048 1320 1081 aure
1339 1041 1519 1092 praeful-

183 1108 386 1158 gentibus,
402 1108 575 1158 grandia
586 1107 613 1130 ¹⁰
626 1108 863 1158 ingrediens
879 1111 921 1146 et
935 1114 1061 1146 mansi
1075 1107 1206 1146 telum
1221 1106 1480 1157 reciprocans
1492 1105 1519 1127 ¹¹

182 1172 399 1211 incedebat
426 1185 582 1223 perque
594 1172 620 1193 ¹²
647 1176 930 1223 contemptum
953 1175 995 1210 et
1019 1171 1254 1222 superbiam
1283 1171 1519 1221 circumspi-

182 1236 294 1277 ciens
328 1237 642 1288 despiciensque
675 1237 825 1286 omnia,
854 1243 997 1275 venire
1027 1236 1142 1275 iubet
1175 1239 1217 1274 et
1245 1235 1450 1284 congredi,
1483 1241 1519 1274 si

182 1301 276 1352 quis
304 1307 488 1352 pugnare
516 1308 655 1341 secum
684 1313 734 1340 ex
763 1307 876 1340 omni
903 1302 1091 1340 Rem-ane
1121 1300 1305 1338 exercitu
1335 1300 1516 1338 auderet.

182 1366 290 1404 Tum
308 1365 500 1405 Valerius
522 1366 725 1414 tribunus,
746 1369 894 1405 ceteris
914 1365 1024 1404 inter
1051 1368 1208 1403 metum
1237 1364 1519 1415 puderemque

184 1428 430 1479 ambiguis,¹³
456 1430 678 1481 impetrate
689 1429 715 1451 ¹⁴
743 1429 860 1481 prius
886 1436 911 1468 a
935 1429 1186 1477 consulibus,
1206 1432 1254 1467 ut
1280 1429 1325 1466 in
1350 1428 1519 1467 Gallum

183 1496 270 1532 tam
289 1493 468 1533 inaniter
487 1495 755 1544 adrogantem
782 1500 966 1545 pugnare
992 1500 1081 1533 sese
1109 1493 1411 1544 permitterent,
1432 1498 1521 1543 pre-

185 1557 370 1607 greditur
389 1558 596 1609 intrepide
623 1559 891 1609 modesteque
921 1558 1106 1607 obviam3
1137 1561 1179 1596 et
1198 1557 1520 1606 congrediuntur

184 1625 226 1660 et
259 1622 492 1662 censistunt
524 1626 566 1662 et
598 1622 918 1662 conserebantur
955 1622 1039 1661 iam
1072 1628 1229 1661 mansis.
1288 1621 1428 1672 Atque
1461 1621 1520 1660 ibi

1529 138 1583 178 ‘63

1551 985 1589 1015 10

1552 1310 1589 1340 15

1551 1630 1590 1659 20

251 1758 265 1780 1
285 1759 336 1790 Sc.
353 1759 544 1797 appellatus
564 1760 608 1790 sit
629 1759 668 1790 in
691 1759 754 1789 hoc
778 1759 868 1796 capi·
902 1758 1041 1796 marshy
1054 1756 1188 1787 district
1209 1756 1244 1786 in
1269 1756 1415 1792 Latium,
1432 1756 1533 1786 south
1554 1755 1591 1785 of

185 1804 256 1835 tulo
289 1805 553 1835 demonstratur.
593 1804 608 1825 2
627 1805 674 1834 M.
710 1805 867 1835 Valerius
902 1803 1017 1833 Rome.
1059 1802 1072 1823 ⁷
1093 1802 1220 1832 causal.
1262 1801 1314 1831 Cf.
1331 1810 1382 1837 ex,
1398 1810 1429 1838 p.
1445 1802 1494 1838 54,
1510 1810 1543 1830 n.
1559 1801 1588 1830 9.

185 1849 356 1880 Maximus
389 1850 556 1880 Corvinus
588 1858 659 1880 was
689 1850 742 1880 six
767 1850 868 1880 times
903 1848 1168 1886 ⁸Cf.p.23‚n.ss.
1210 1847 1399 1884 ⁹‘l1eight.’
1442 1846 1469 1867 10
1484 1853 1591 1885 gran-

185 1894 314 1930 consul,
347 1895 446 1926 twice
479 1896 638 1926 dictator.
683 1896 753 1925 The
787 1895 869 1925 inci-
903 1892 964 1924 dia
1003 1891 1227 1932 ingrediens:
1272 1892 1279 1906 ‘
1291 1892 1445 1929 stalking
1486 1892 1590 1921 about

186 1939 268 1969 dent
298 1940 335 1969 of
367 1940 436 1970 this
469 1941 609 1978 chapter
638 1940 799 1971 occurred
833 1940 868 1969 in
903 1939 988 1969 with
1006 1939 1103 1977 giant
1124 1937 1270 1968 strides.’
1313 1937 1402 1967 Note
1423 1937 1481 1967 the
1502 1937 1592 1966 allit-

186 1984 244 2014 349
270 1992 336 2015 B.c.
365 1984 422 2021 (cf.
446 1994 478 2022 p.
503 1986 553 2021 64,
574 1985 598 2014 1.
619 1984 667 2022 9).
713 1985 727 2006 8
748 1984 792 2015 ob
809 2008 815 2014 .
834 2007 841 2014 .
860 2007 867 2015 .
904 1984 1036 2014 eration
1058 1983 1125 2014 and
1146 1984 1203 2013 the
1227 1984 1370 2020 cognate
1385 1982 1589 2012 accusative.

186 2027 287 2059 alitis
301 2042 331 2053 =
344 2031 434 2067 quod
453 2039 574 2060 corvus
587 2039 666 2060 eum
680 2030 869 2060 auxiliatus
905 2030 936 2059 It
950 2031 1042 2059 must
1055 2029 1097 2059 be
1111 2031 1277 2066 apparent
1287 2036 1372 2057 even
1384 2031 1418 2057 to
1433 2027 1491 2057 the
1502 2029 1592 2056 most

186 2077 259 2104 erat
278 2077 310 2104 et
327 2078 576 2112 propuqnarat.
619 2075 684 2105 For
704 2075 762 2105 the
782 2075 871 2113 pieo-
905 2074 1021 2104 casual
1035 2074 1155 2104 reader
1166 2074 1202 2104 of
1217 2073 1346 2103 Gellius
1355 2073 1431 2102 that
1443 2072 1525 2102 heis
1537 2081 1592 2102 ex-

186 2127 283 2149 nasm
316 2119 352 2149 in
385 2120 485 2150 corvi
516 2118 617 2150 alitis
647 2120 691 2150 cf.
719 2120 766 2150 iii.
794 2121 824 2149 6.
853 2121 871 2149 2
906 2119 1243 2157 traordinarilyfond
1255 2118 1291 2148 of
1305 2118 1513 2147 alliteration
1525 2117 1591 2146 and

182 2164 319 2202 palmae
359 2164 502 2195 arboris.
549 2164 563 2185 4
589 2178 619 2189 =
643 2165 753 2195 aliter.
801 2165 871 2195 The
907 2173 1102 2194 assonance.
1133 2163 1160 2185 11
1177 2163 1442 2201 ‘brandishing’
1486 2161 1514 2183 12
1527 2169 1592 2199 per

186 2209 346 2248 meaning
359 2210 388 2240 is
402 2210 479 2240 that
499 2210 547 2240 all
559 2210 692 2240 writers
714 2218 814 2248 agree
836 2210 870 2239 in
906 2210 990 2239 with
999 2210 1057 2239 the
1066 2209 1259 2239 accusative
1268 2209 1454 2238 often=an
1464 2208 1592 2237 adverb

187 2254 276 2284 their
291 2255 442 2285 versions
457 2255 493 2285 of
507 2256 565 2285 the
579 2255 742 2285 incident.
777 2254 791 2276 5
803 2254 873 2285 tali
906 2255 943 2284 of
956 2263 1108 2284 manner.
1155 2253 1182 2275 18
1197 2254 1205 2268 ⁴
1216 2253 1414 2291 wavering.’
1456 2252 1484 2273 14
1499 2253 1506 2266 ⁴
1517 2261 1594 2282 con-

188 2305 317 2337 genere
333 2298 467 2330 Editus:
493 2300 500 2314 ‘
512 2309 639 2338 sprung
649 2300 738 2330 from
753 2300 837 2330 such
852 2309 872 2330 a
907 2302 982 2330 sent
990 2299 1118 2338 having
1126 2299 1210 2329 been
1223 2299 1360 2328 secured
1375 2298 1401 2335 '3
1418 2306 1461 2327 an
1474 2297 1595 2335 imper-

187 2343 332 2382 family.'
374 2344 426 2374 Cf.
442 2345 499 2375 the
520 2345 709 2383 colloquial,
731 2345 779 2375 “I
801 2353 872 2375 was
907 2344 1003 2375 sonal
1022 2344 1172 2374 ablative
1194 2344 1360 2379 absolute,
1383 2352 1403 2373 a
1424 2345 1595 2373 construc-

189 2388 263 2419 that
282 2397 393 2427 angry
412 2389 428 2419 1
449 2389 602 2419 couldn’t
622 2390 765 2428 speak.’'
808 2390 822 2411 ⁶
842 2390 872 2420 A
907 2390 979 2420 tion
993 2398 1148 2421 common
1165 2389 1200 2419 in
1215 2388 1462 2427 post-classical
1479 2388 1592 2418 Latin.
