1734 2600
389 627 441 666 A.
491 625 690 667 GELLII
727 623 999 664 NOCTIUM
1037 622 1386 662 ATTIGARUM

684 697 1015 737 PRAEFATIO

246 816 325 842 *²¹²*
340 813 605 855 iucundiora¹
630 813 714 853 alia
740 819 915 864 reperiri
943 811 1129 863 queunt,²
1147 811 1201 850 ad
1227 811 1306 850 hoe
1332 810 1403 849 ut³
1420 810 1519 850 libe-

180 887 238 920 ris
267 892 430 932 quoque
458 885 562 918 meis
590 877 759 929 partae⁴
777 876 1039 916 istiusmodi⁵
1058 874 1347 916 remissiones⁶
1364 878 1516 924 essent,

181 944 370 997 quand6⁷
395 943 558 984 animus
587 949 728 982 eorum
756 940 1062 981 interstitione⁸
1088 941 1230 992 aliqua
1257 940 1517 990 negotiorum

181 1010 280 1049 data
316 1009 450 1048 laxari
486 1007 776 1058 indulgerique
816 1006 1032 1057 potuisset.
1087 997 1170 1045 fisi
1201 1008 1341 1044 autem
1375 1016 1518 1044 sumus

181 1074 325 1113 ordine
345 1080 483 1112 rerum
511 1073 697 1121 fortuito,
719 1083 842 1122 quem
866 1074 990 1109 antea
1016 1070 1062 1108 in
1085 1069 1342 1120 excerpendo
1367 1068 1519 1106 fecerar

181 1151 284 1178 mus.
340 1138 453 1177 Nam
480 1136 654 1188 proinde
679 1135 751 1174 ut⁹
768 1135 921 1174 librum
947 1147 1152 1185 quemque
1171 1134 1217 1172 in
1236 1139 1382 1172 mansis
1406 1139 1519 1183 oepe-

144 1196 145 1199 '
180 1202 269 1242 ram
289 1214 362 1241 seu
382 1203 585 1242 Graecum
601 1213 674 1240 seu
688 1201 886 1239 Latinum
901 1199 968 1237 vel
984 1198 1087 1250 quid
1100 1201 1330 1237 memoratu
1345 1198 1518 1246 dignum

181 1266 406 1315 audieram,
422 1266 483 1304 ita
501 1278 606 1316 quae
622 1264 791 1303 libitum
810 1262 941 1313 erat‚¹⁰
959 1263 1076 1302 ouius
1087 1262 1113 1284 1¹
1132 1262 1294 1312 generis
1310 1274 1484 1312 eumque
1493 1261 1517 1282 ¹¹

181 1334 311 1380 erant,
331 1330 575 1369 indistinete
595 1333 721 1380 atque
740 1327 982 1379 promiseen
1000 1328 1249 1367 annotabam
1269 1339 1399 1377 eaque
1414 1326 1519 1365 mihi

181 1396 236 1434 ad
273 1395 504 1435 subsidium
541 1393 763 1432 memoriae
773 1392 800 1415 ¹³
836 1392 956 1443 quasi
1002 1393 1211 1443 quoddam
1221 1391 1247 1413 ¹⁴
1282 1392 1518 1431 litterarum

181 1472 313 1511 penus
340 1459 624 1507 recondebam,
644 1461 704 1507 ut,
725 1457 915 1509 quand6⁷
933 1464 1033 1496 fisus
1052 1457 1237 1496 venisset
1262 1460 1335 1495 aut
1360 1463 1422 1495 rei
1446 1460 1519 1496 aut

180 1525 309 1574 verbi,
330 1523 448 1563 eslius
466 1529 533 1562 me
552 1529 700 1574 repens
728 1522 837 1561 forte
858 1522 1013 1561 oblivio
1038 1521 1254 1571 tenuisset,
1275 1525 1318 1560 et
1336 1521 1446 1571 libri,
1468 1533 1519 1560 ex

182 1588 333 1640 quibus
366 1601 415 1627 ea
446 1594 714 1638 sumpseram,
747 1593 832 1625 non
864 1586 1069 1635 adessent,
1103 1585 1229 1625 facile
1266 1586 1363 1625 inde
1398 1586 1518 1626 nobis

180 1653 356 1692 inventu
375 1655 500 1704 atque
520 1652 769 1703 depromptu
787 1650 939 1690 foret.¹⁵

248 1760 263 1783 1
282 1761 384 1792 From
398 1770 430 1799 p.
445 1761 494 1798 16,
508 1760 530 1790 1.
543 1761 563 1791 5
581 1759 651 1798 (see
664 1757 776 1796 notes)
795 1758 823 1788 it
837 1758 867 1789 is

181 1807 320 1838 evident
345 1807 422 1837 that
447 1815 541 1836 some
568 1805 691 1842 words,
722 1805 868 1842 perhaps

1550 1401 1590 1430 10

902 1762 976 1789 tum
991 1758 1149 1788 animum
1164 1761 1343 1796 tamquam
1358 1767 1478 1788 arcum
1491 1758 1591 1789 habe-

903 1804 972 1835 bat.
1008 1803 1022 1825 ⁷
1037 1805 1044 1818 ‘
1055 1804 1259 1834 whenever.’
1295 1803 1308 1825 ⁸
1323 1804 1330 1818 ⁴
1342 1804 1479 1842 respite‚
1491 1812 1592 1834 vaca-

181 1855 368 1889 sentences‚
402 1852 490 1882 have
522 1852 608 1881 been
644 1850 712 1880 lost
750 1850 868 1880 before

180 1897 400 1928 iucundiora.
459 1896 474 1917 ²
493 1904 578 1935 queo
608 1909 639 1920 =
664 1903 806 1933 possum
838 1895 868 1925 is

181 1951 338 1973 common
351 1942 388 1972 in
402 1941 543 1972 Gellius.
583 1940 598 1962 ³
618 1939 665 1971 ad
687 1939 757 1971 1150
777 1941 820 1970 ut
834 1953 864 1964 =

182 1987 240 2018 ‘to
271 1988 330 2018 the
362 1987 429 2018 end
461 1986 560 2017 that?
602 1986 617 2007 4
635 1986 726 2016 from
754 1987 867 2023 pario,

176 2041 313 2071 parere.
354 2031 369 2054 ⁵
389 2032 446 2062 ‘of
484 2032 542 2062 the
576 2034 648 2061 sort
680 2040 750 2069 you
781 2031 868 2061 have

180 2078 298 2108 before
335 2078 428 2117 you!
488 2076 618 2108 Gellius
657 2077 754 2107 often
792 2084 870 2106 uses

180 2123 390 2160 huiusmodi,
413 2122 661 2159 huiuscemodi,
690 2122 868 2157 eiusmodi,

181 2169 398 2205 eiuscemodi,
417 2168 612 2199 istiusmodi
638 2176 676 2198 as
703 2167 870 2205 genitives

181 2214 219 2244 of
231 2214 375 2252 quality.
403 2213 418 2235 ⁶
432 2214 440 2228 ‘
451 2213 664 2244 προτεθείσῃ]
687 2212 739 2242 Cf.
752 2213 870 2243 remis-

181 2267 252 2296 sus,
277 2259 344 2289 and
369 2259 427 2289 the
450 2259 621 2297 opposites
645 2258 802 2294 intentl‘o,
818 2257 870 2287 in-

182 2307 306 2335 tentus.
347 2304 418 2334 The
441 2304 620 2342 metaphor
646 2303 677 2333 is
700 2297 869 2333 from'the

181 2349 352 2388 stringing
371 2358 410 2379 or
430 2348 648 2387 unstringing
673 2348 711 2378 of
737 2356 758 2378 a.
780 2348 867 2378 bow.

182 2394 236 2425 Cf.
252 2394 380 2432 Cicero,
394 2394 445 2424 De
461 2393 638 2425 Senectute
653 2393 736 2431 §37:
760 2394 870 2424 inten-

902 1850 999 1880 tion.’
1021 1849 1035 1870 ⁹
1047 1847 1197 1887 proinde
1207 1850 1250 1879 ut
1263 1862 1293 1873 =
1310 1850 1317 1863 ‘
1329 1849 1512 1888 according
1525 1850 1588 1880 as.'

903 1895 930 1917 1⁰
951 1895 1003 1926 Sc.
1033 1898 1211 1925 annotare.
1254 1894 1280 1915 11
1301 1895 1429 1925 tmesis.
1472 1894 1500 1915 1²
1538 1893 1591 1925 in-

903 1939 1071 1971 distincte
1084 1941 1194 1978 atque
1207 1939 1400 1978 promises:
1426 1941 1591 1971 ‘without

903 1995 971 2025 any
1005 1990 1152 2024 attempt
1192 1990 1229 2015 at
1262 1985 1400 2024 orderly
1433 1994 1592 2024 arrange-

903 2035 1006 2068 ment,
1029 2032 1096 2062 and
1120 2032 1154 2060 in
1184 2031 1255 2061 fact
1281 2030 1415 2068 (atque)
1441 2031 1534 2069 quite
1555 2034 1592 2061 at

903 2076 1070 2106 random.'
1113 2074 1141 2096 1⁸
1160 2074 1207 2105 ad
1233 2073 1434 2105 subsidium
1462 2082 1593 2105 memo-

902 2120 981 2152 riae
996 2134 1026 2145 =
1042 2124 1080 2151 ut
1100 2121 1251 2151 subsidio
1266 2122 1449 2151 memoriae
1470 2124 1590 2151 essent.

904 2166 931 2187 14
951 2167 1051 2205 quasi
1066 2166 1134 2196 and
1154 2166 1298 2204 quidam
1313 2174 1372 2196 are
1386 2166 1481 2196 often
1495 2166 1591 2203 used,

904 2211 1013 2241 either
1045 2210 1240 2248 separately
1267 2219 1305 2240 or
1338 2210 1528 2247 combined,
1556 2213 1592 2240 to

904 2257 1017 2286 soften
1044 2264 1065 2286 a
1091 2256 1280 2294 metaphor.
1332 2256 1402 2286 The
1429 2255 1524 2286 word
1554 2264 1593 2285 so

904 2301 1066 2340 qualified
1080 2302 1159 2331 here
1174 2301 1204 2330 is
1221 2307 1337 2338 penus
1351 2313 1381 2325 =
1397 2301 1404 2315 ⁴
1418 2309 1439 2331 a
1453 2304 1544 2331 store
1557 2301 1594 2330 of

903 2347 1119 2386 provisions,’
1138 2347 1145 2360 ‘
1157 2346 1378 2376 storehouse.’
1411 2345 1438 2367 15
1452 2359 1482 2370 =
1496 2349 1592 2382 essee,

905 2401 942 2422 as
953 2392 1048 2422 often
1063 2392 1099 2421 in
1113 2391 1254 2422 Gellius.

869 2450 910 2482 15
