1734 2600
173 121 224 159 68

177 945 214 974 10

178 1271 215 1299 15

177 1590 215 1619 20

677 121 838 154 AULUS
869 121 1074 155 GELLIUS

809 253 887 291 XI.
918 253 943 292 8

244 361 332 396 Quid
359 363 502 392 senserit
525 362 717 400 dixeritque
743 362 792 391 M.
820 361 904 392 Cato
931 362 972 392 de
999 362 1148 399 Albine,1
1176 363 1234 401 qui
1260 361 1382 393 hom62
1404 362 1576 393 Romanus

312 411 441 442 Graece
467 412 619 442 cretione
647 413 700 441 res
727 411 906 448 Rome-mes,
929 410 1051 441 venie8
1074 411 1139 441 sibi
1163 415 1242 442 ante
1266 412 1338 442 eius
1362 410 1576 450 imperitiae*

312 461 431 498 petite,
447 461 646 499 composuit.

312 555 428 593 Iuste
450 557 706 605 venusteque
734 555 955 593 admodum
982 555 1295 606 reprehendisse
1324 555 1475 594 dicitur
1494 554 1577 593 Au-

245 619 331 657 lum
364 619 564 657 Albinum
602 620 658 657 M.
690 619 803 658 Cate.
861 618 1052 668 Albinus,
1086 625 1159 669 qui
1194 631 1287 658 cum
1320 620 1366 657 L.
1401 618 1576 658 Luculle

245 683 387 722 consul
420 683 515 732 fuit,
550 689 614 722 res
647 683 856 722 Romanas
894 683 1078 722 eretiene
1116 684 1273 722 Graece
1309 683 1574 734 scriptitavit.

246 748 298 786 In
318 747 405 786 eius
434 747 632 786 historiae
660 747 864 797 principie
893 750 1093 798 scriptum
1121 751 1185 786 est
1209 748 1261 786 ad
1283 747 1390 786 hanc
1418 750 1577 786 senten-

245 811 369 850 tiam:
400 811 607 850 neminem
636 818 873 850 suscensere
897 811 977 850 sibi
996 811 1241 860 convenire‚⁵
1260 818 1296 850 si
1315 811 1417 862 quid
1441 811 1486 849 in
1509 811 1576 850 his

246 876 363 914 libris
401 888 547 926 parum
580 874 831 926 composite⁶
863 878 935 914 aut
968 876 1105 915 minus
1139 876 1347 925 eleganter
1375 878 1576 926 scriptum

246 940 376 990 foret,
413 940 558 978 “Nam
592 952 683 978 sum
698 939 722 959 ''
759 939 898 990 inquit
936 939 1093 978 “home
1130 940 1341 979 Romanus
1377 943 1500 978 natus
1532 939 1578 977 in

246 1004 379 1053 Latio,
415 1005 573 1043 Graeca
605 1003 736 1042 eretie
769 1010 794 1043 e
824 1004 943 1043 nobis
976 1003 1231 1043 alienissima
1267 1004 1369 1053 est,'’
1402 1003 1577 1054 ideeque

244 1068 410 1107 veniam
443 1068 723 1118 gratiamque⁷
755 1068 888 1106 malae
917 1068 1249 1116 existimatienis,
1271 1074 1307 1106 si
1335 1067 1437 1118 quid
1469 1070 1578 1106 esset

246 1136 439 1181 erratum,
470 1132 709 1182 pestulavit.
777 1133 840 1170 Ea
871 1145 963 1171 cum
996 1132 1166 1181 legisset
1198 1133 1254 1170 M.
1291 1132 1413 1171 Catez
1452 1121 1579 1170 “Nea

246 1195 331 1246 tu‚’⁷
349 1196 488 1246 inquit
509 1200 531 1219 ‘⁴
544 1196 664 1245 Aule,
680 1196 855 1234 nimium
870 1195 1069 1245 nuget0r9
1082 1208 1138 1245 es,
1153 1208 1245 1234 cum
1256 1195 1282 1216 ¹⁰
1296 1195 1483 1234 maluisti
1497 1195 1578 1234 cul-

247 1273 342 1311 pam
368 1261 580 1310 deprecari
608 1273 732 1310 quam
761 1260 883 1311 culpa
901 1266 1057 1299 vacare.
1114 1261 1225 1298 Nam
1253 1263 1394 1311 petere
1411 1259 1577 1298 veniam

247 1324 437 1373 solemus,
469 1327 540 1362 aut
570 1336 663 1362 cum
693 1324 963 1374 inprudentes
994 1324 1221 1363 erravimus
1252 1327 1324 1363 aut
1353 1335 1446 1362 cum
1473 1335 1578 1362 com-

246 1388 358 1439 pulsi
385 1388 655 1439 peccavimus.
727 1388 785 1424 Te
801 1386 824 1405 ’⁹
855 1385 994 1436 inquit
1027 1388 1135 1424 “ere
1164 1388 1218 1433 te,
1251 1383 1343 1434 quis
1374 1381 1573 1433 perpulit,

245 1456 293 1491 ut
320 1452 366 1490 id
393 1451 685 1500 committeres,
707 1450 857 1502 quod‚¹¹
876 1451 1119 1501 priusquam
1146 1450 1316 1499 faceres,
1336 1453 1510 1500 peteres,
1529 1452 1578 1488 ut

247 1516 597 1566 ignesceretur?⁷'
656 1516 865 1565 Scriptum
906 1515 983 1553 hec
1025 1518 1088 1554 est
1134 1514 1179 1552 in
1223 1512 1371 1553 libre¹²
1413 1512 1579 1553 Corneli

247 1580 424 1631 Nepetis
444 1581 507 1618 De
526 1581 768 1618 Iollastribus
795 1581 905 1620 Viris
923 1579 1047 1617 XIII.

245 1728 258 1750 1
279 1729 318 1758 A.
344 1729 538 1758 Postumius
565 1728 719 1765 Albinus,
744 1728 862 1758 consul

178 1776 233 1804 151
261 1782 330 1804 B.c.
378 1774 553 1803 “Albinus
580 1782 651 1803 was
679 1782 700 1803 a
726 1773 861 1803 zealous

178 1820 341 1849 advocate
366 1819 402 1848 of
430 1819 486 1848 the
510 1818 725 1855 Hellenizing
751 1827 862 1847 move-

177 1864 305 1894 ment.”
346 1864 441 1902 Long
467 1864 583 1893 before
607 1863 659 1892 his
690 1863 772 1892 time
799 1862 862 1892 Fa—

178 1909 254 1939 bius
291 1909 416 1944 Pictor,
451 1909 509 1938 the
550 1908 688 1937 earliest
728 1907 764 1936 of
804 1907 861 1936 the

178 1954 365 1989 Annalists,
394 1953 462 1983 had
496 1953 632 1982 written
667 1953 703 1981 in
737 1952 859 1982 Greek.

177 1998 192 2019 2
219 1999 365 2036 ‘thouyh
399 2007 419 2028 a
452 1998 608 2027 Roman.'
655 1997 669 2018 ⁸
691 1996 859 2035 ‘pardonss

177 2043 191 2064 4
207 2045 214 2058 ¹
226 2043 508 2073 unskillfulness)
558 2041 635 2073 eius
648 2055 677 2066 =
690 2043 698 2056 ‘
709 2042 842 2072 therein
851 2041 858 2052 ’

181 2089 247 2125 (i.e.
268 2088 398 2118 Graeca
413 2088 534 2123 oratio)
549 2088 578 2117 is
589 2087 756 2125 objective
770 2087 862 2125 geni-

178 2134 246 2163 tive
266 2134 349 2163 with
369 2131 583 2170 imperitiae.
626 2132 640 2153 ὃ
657 2145 687 2156 =
700 2135 859 2169 oportere.

177 2179 190 2199 6
206 2178 415 2216 ‘skillfully.’
461 2178 473 2198 7
502 2175 659 2215 gratiam
675 2199 682 2206 .
698 2199 704 2206 .
721 2199 727 2206 .
742 2175 862 2206 existi-

896 1728 963 1758 and
978 1730 1068 1757 must
1088 1727 1130 1757 be
1150 1726 1317 1764 carefully
1330 1725 1578 1764 distinguished

895 1773 983 1802 from
1005 1773 1062 1802 the
1084 1772 1328 1810 interrogative
1356 1780 1398 1801 ne
1425 1771 1493 1801 and
1519 1771 1579 1800 the

896 1817 1053 1855 negative
1076 1825 1129 1846 ne.
1170 1816 1185 1838 9
1205 1817 1234 1845 Α
1255 1817 1413 1854 frequent
1431 1819 1517 1846 term
1541 1816 1579 1845 of

895 1863 1015 1892 abuse:
1041 1863 1079 1891 ‘a
1099 1862 1185 1899 good
1207 1862 1261 1891 for
1284 1861 1438 1899 naught.'
1480 1859 1508 1881 1⁰
1527 1859 1579 1890 Cf.

895 1916 927 1944 p.
938 1908 986 1943 34,
999 1908 1069 1936 n.5.
1111 1906 1138 1927 11
1157 1905 1251 1944 quod
1265 1907 1344 1936 here
1355 1906 1417 1936 has
1427 1905 1579 1935 adouble

896 1952 1062 1981 function.
1104 1951 1142 1980 111
1160 1954 1239 1988 part
1253 1951 1281 1980 it
1296 1959 1411 1981 serves
1425 1954 1461 1980 to
1475 1950 1580 1980 intro-

895 1997 979 2026 duce
1014 1997 1071 2026 the
1107 1996 1322 2026 consecutive
1362 1994 1580 2034 subjunctive

895 2041 1054 2079 peterffln
1077 2041 1112 2070 in
1134 2043 1211 2079 part
1229 2041 1257 2071 it
1278 2040 1427 2078 supplies
1448 2040 1506 2070 the
1522 2039 1580 2069 ob-

895 2087 964 2125 J'ect
983 2090 1019 2116 to
1040 2085 1188 2121 faceres,
1211 2094 1249 2115 as
1269 2085 1345 2115 well
1366 2093 1404 2115 as
1424 2085 1482 2115 the
1502 2084 1580 2114 sub-

895 2132 964 2170 ject
982 2134 1018 2161 to
1037 2130 1294 2169 ignescereizur.
1335 2130 1405 2159 The
1418 2129 1527 2159 whole
1544 2141 1575 2152 =

897 2179 934 2206 ut
966 2177 1000 2206 id
1031 2176 1099 2214 (i.e.
1120 2176 1200 2212 tale)
1233 2176 1456 2205 committeres
1479 2177 1519 2204 ut
1542 2174 1580 2204 id

176 2221 363 2253 metienis:
387 2222 394 2236 ‘
406 2223 600 2260 exemption
618 2222 706 2251 from
721 2222 861 2251 adverse
892 2223 1097 2259 priusquam
1109 2221 1248 2257 faceres
1262 2223 1393 2257 peteres
1414 2222 1452 2249 ut
1466 2218 1580 2256 ignos-

177 2267 362 2298 criticism.’

180 2325 210 2336 =
227 2313 233 2326 ‘
247 2312 380 2350 verily‚’
405 2313 411 2325 ‘
424 2312 623 2349 assuredly.’

405 2267 417 2288 8
438 2268 490 2296 An
502 2267 708 2297 affirmative
720 2266 861 2303 particle
897 2270 1035 2296 ceretur.
1078 2265 1106 2286 12
1125 2265 1206 2295 This
1229 2265 1323 2295 work
1344 2264 1373 2294 is
1386 2263 1579 2302 commonly

672 2312 703 2340 It
727 2312 755 2341 is
780 2311 862 2341 used
895 2311 1004 2340 called

1038 2310 1140 2340 “The
1181 2309 1281 2340 Lives
1322 2309 1359 2339 ot
1401 2307 1578 2339 Cornelius
1608 2341 1617 2345 ,μ

177 2357 360 2395 especially
383 2356 466 2386 with
493 2356 650 2394 personal
676 2364 859 2394 pronouns,
895 2355 1044 2394 Nepos.'’
