1734 2600
560 156 747 191 NOCTES
777 155 1006 194 ATTIOAE,
1029 155 1095 189 IV.
1122 156 1166 189 20

159 279 323 314 uxerem
349 274 469 312 habes
487 273 506 310 ?
559 271 640 317 Qui
668 270 844 320 iurabat,
865 269 1108 309 caviHatoi·1
1130 269 1301 321 quidam
1326 272 1369 307 et
1390 274 1498 307 cani-

159 338 277 378 cula²
300 341 342 377 et
368 336 494 376 nimis
523 335 786 374 ridicularius
804 334 900 374 fuit.
958 335 1002 374 Is
1025 334 1162 373 locum
1190 346 1280 373 esse
1309 333 1389 373 sibi
1417 333 1498 372 ioci

159 402 330 442 dicundi
353 405 480 450 ratus,
500 412 594 439 cum
613 399 685 448 ita,
706 403 771 438 uti
788 405 877 438 mes
906 403 1007 448 erat,
1027 405 1172 438 censor
1200 398 1377 437 dixisset
1397 402 1420 420 ⁴⁴
1433 399 1497 437 Ut

158 470 207 506 tu
225 479 276 505 ex
299 465 430 505 animi
446 468 512 504 tui
531 463 740 503 sententia
752 469 923 502 uxorem
937 463 1065 502 habes
1080 464 1101 502 ?
1114 463 1138 483 ⁷²
1183 466 1207 486 ‘⁴
1219 462 1367 502 Habeo
1386 461 1498 513 equi-

159 531 253 570 dem
264 531 288 551 '²
319 529 459 581 inquit
496 532 520 552 ⁴⁴
531 534 713 578 uxerem,
743 528 817 567 sed
852 534 936 567 11011
971 527 1110 566 hercle
1140 527 1217 566 ex³
1248 527 1378 566 animi
1413 532 1498 565 mei

159 594 404 635 sententia.''
458 594 566 632 Tum
599 599 743 632 censor
780 604 886 641 eum,
916 592 1028 643 quod
1055 591 1350 643 intempestive
1380 591 1498 630 lasci-

157 659 301 708 visset,
320 658 367 697 in
385 657 589 697 aeraries⁴
607 656 783 706 rettulit,
803 669 1053 708 causamque
1077 657 1185 695 hanc
1204 656 1285 695 ioci
1309 655 1495 696 scurrilis

159 723 271 774 apud
289 730 333 762 se
351 723 455 761 dicti
474 721 729 773 subscripsit.

225 787 374 826 Altera
410 786 610 826 severitas
648 786 834 826 eiusdem
875 789 1011 825 sectae
1051 785 1379 837 disciplinaeque
1419 788 1494 824 est.

159 852 446 891 Deliberatum
474 855 538 890 est
564 851 615 890 de
637 854 737 889 nota
764 850 864 900 eius,
885 857 960 901 qui
986 850 1040 889 ad
1067 856 1257 889 censores
1286 850 1337 888 ab
1365 855 1498 889 amice

159 917 383 956 advocatus
416 919 481 955 est
512 919 555 954 et
585 915 631 953 in
667 914 784 954 iure⁵
816 918 933 954 stans
971 915 1081 954 clare
1117 914 1243 954 nimis
1276 918 1318 953 et
1351 920 1498 954 sonore

159 981 365 1030 oscitavit,
386 979 536 1031 atque⁶
557 979 662 1018 inibi
685 983 733 1018 ut
760 979 1012 1031 plecteretur
1034 979 1129 1029 fuit,
1149 983 1363 1030 tamquam
1391 978 1498 1017 illud

158 1045 360 1084 indicium
404 1048 514 1084 esset
552 1050 648 1094 vagi
695 1044 826 1083 animi
865 1048 907 1083 et
946 1043 1223 1083 alucinantis⁷
1258 1047 1300 1082 et
1337 1042 1500 1082 fluxae⁸

160 1113 286 1161 atque
313 1108 507 1160 apertae⁹
533 1108 781 1149 securitatis.
840 1109 923 1148 Sed
949 1121 1043 1147 cum
1071 1108 1143 1147 ille
1181 1108 1412 1148 deiurasset
1440 1108 1500 1146 in-

160 1174 415 1214 vitissimum
443 1180 532 1213 sese
551 1179 599 1213 ac
621 1176 921 1224 repugnantem
945 1173 1190 1212 escitatiene
1209 1173 1367 1212 victum
1389 1176 1500 1212 tene-

160 1245 278 1290 rique
311 1245 359 1278 60
390 1238 507 1287 vitio,
540 1238 653 1289 quod
684 1240 822 1278 ὃεοὲἀῦ
855 1237 1104 1288 appellatur,
1137 1242 1228 1276 tum
1260 1241 1383 1276 notae
1415 1237 1500 1276 iam

161 1303 394 1343 destinatae
406 1307 623 1354 exemptus
636 1307 711 1342 est.
749 1302 925 1342 Publius
939 1302 1078 1353 Scipio
1090 1294 1360 1351 Kfricanus,¹⁰
1376 1302 1501 1341 Pauli

161 1367 292 1417 filius,
311 1371 531 1418 utramque
559 1367 778 1407 historiam
797 1367 938 1418 posuit
955 1366 1002 1405 in
1021 1367 1216 1415 oratione,
1237 1380 1362 1418 quam
1390 1366 1501 1405 dixit

161 1431 208 1470 in
225 1438 410 1481 censura,
430 1444 524 1471 cum
543 1432 597 1471 ad
614 1432 818 1471 maiorum
835 1438 970 1471 mores
990 1431 1191 1482 populum
1211 1431 1458 1470 hortaretur.

229 1496 340 1535 Item
348 1496 470 1535 'aliud
488 1496 618 1535 refert
639 1496 816 1536 Sabinus
836 1496 1047 1535 Masurius
1056 1495 1082 1517 ¹¹
1095 1496 1142 1534 in
1160 1496 1338 1547 septime
1352 1497 1503 1535 Memo-

162 1562 261 1600 ἠ’ᾶῑῑ
271 1559 299 1581 ¹²
317 1567 458 1600 severe
473 1561 654 1600 factum:
678 1563 701 1584 ⁴⁴
714 1561 914 1600 Censores
929 1561 952 1581 '⁷
968 1560 1108 1611 inquit
1134 1560 1346 1600 “Publius
1363 1560 1503 1611 Scipio

161 1625 319 1665 Nasica
332 1628 375 1664 et
388 1626 555 1665 Marcus
569 1624 760 1677 Popilius
775 1637 870 1664 cum
889 1624 1077 1676 equitum
1096 1631 1266 1665 censum
1278 1624 1305 1647 ¹³
1318 1628 1501 1675 agerent,

1515 154 1569 194 45

1528 857 1568 888 10

1531 1182 1569 1231 15»

1532 1505 1573 1536 20

231 1773 404 1813 viesterx
429 1773 587 1805 ²Aterm
596 1774 634 1804 ot
643 1774 760 1805 abuse.
794 1773 848 1805 Cf.
883 1774 922 1804 L.
950 1773 1117 1804 Aemilius
1144 1773 1282 1810 Paulus,
1309 1774 1387 1804 who
1414 1773 1573 1805 defeated

164 1818 386 1858 Shakspere’s
397 1819 406 1834 ‘
416 1819 503 1850 false
514 1819 654 1850 hound.’
693 1818 709 1841 ⁸
728 1826 774 1849 ex
789 1842 797 1850 .
814 1841 822 1850 .
841 1842 848 1849 .

163 1863 348 1895 sententia.
359 1865 439 1895 here
450 1877 481 1889 =
494 1866 501 1879 ‘
513 1868 548 1895 to
559 1874 619 1903 my
632 1865 760 1895 heart’s
773 1874 851 1895 con-

164 1910 263 1939 tent.'
303 1909 319 1930 4
337 1909 478 1940 citizens
491 1910 528 1940 of
546 1910 603 1940 the
617 1909 736 1940 lowest
749 1910 849 1947 class,

163 1954 242 1984 who
263 1954 344 1992 paid
367 1963 389 1985 a
411 1954 557 1993 poll-tax
580 1954 757 1993 (aes),but
782 1955 851 1985 had

164 2007 210 2029 no
236 1999 329 2038 right
355 2002 393 2030 to
419 2002 508 2030 vote.
547 1999 562 2021 ⁶
581 2000 637 2030 Cf.
658 2010 690 2039 p.
705 2002 755 2037 44,
770 2009 804 2030 n.
819 2001 849 2030 2.

165 2044 181 2066 ⁶
198 2045 309 2082 atque
331 2067 339 2074 .
364 2067 372 2074 .
395 2067 403 2074 .
425 2043 664 2083 plecteretur:
691 2045 781 2075 ‘was
807 2054 851 2075 on

164 2090 224 2120 the
253 2090 349 2128 point
375 2090 413 2120 of
442 2090 545 2128 being
577 2090 725 2120 beaten.'
766 2090 852 2121 How

164 2134 342 2174 literally?
381 2135 449 2165 For
462 2136 607 2166 another
622 2144 681 2166 use
694 2135 731 2165 of
750 2139 852 2174 acque

164 2179 265 2217 inibi,
279 2181 326 2211 cf.
341 2189 375 2219 p.
390 2181 440 2218 26,
455 2189 490 2210 n.
505 2182 534 2210 1.
577 2180 590 2202 ⁷
601 2194 631 2205 =
646 2181 850 2211 aber-rantis.

165 2225 218 2256 Cf.
229 2226 238 2241 ‘
248 2226 519 2256 hallucination.'
551 2226 565 2247 ⁸
578 2227 585 2239 ⁸
594 2226 652 2256 lax
662 2236 669 2263 ;
681 2226 689 2239 ’
704 2226 850 2264 strictly,

167 2271 342 2302 ‘unstable
363 2279 402 2301 as
420 2271 550 2301 water!
591 2271 605 2293 ⁹
625 2272 776 2309 apertae
801 2271 853 2302 ee·-

166 2315 351 2347 curitatim
376 2317 384 2331 ⁴
394 2316 587 2347 bare-faced
599 2316 851 2347 recklessness.’

167 2360 196 2382 1⁰
215 2361 286 2392 The
314 2370 468 2400 younger
500 2361 684 2392 Africanus
716 2362 747 2392 is
772 2362 854 2392 here

167 2408 295 2437 meant.
334 2407 388 2438 He
400 2415 472 2438 was
491 2407 538 2446 by
550 2406 644 2437 birth
662 2407 722 2438 the
741 2415 804 2438 3011
817 2407 854 2438 of

885 1819 1012 1856 Perses,
1027 1819 1113 1858 king
1126 1819 1163 1849 ot
1179 1819 1391 1856 Macedonia,
1406 1822 1443 1849 at
1454 1819 1574 1857 Pydna

885 1865 920 1894 in
954 1865 1012 1894 168
1045 1872 1114 1895 13.c.
1156 1865 1208 1895 He
1238 1873 1308 1894 was
1341 1864 1487 1902 adopted
1527 1865 1574 1903 by

885 1910 943 1939 the
974 1909 1067 1940 elder
1093 1918 1155 1940 son
1181 1910 1218 1940 of
1245 1909 1356 1948 Scipio
1390 1910 1574 1940 Africanus

885 1955 1005 1985 Maior.
1054 1954 1082 1976 11
1095 1955 1126 1985 A
1159 1955 1409 1993 distinguished
1442 1955 1574 1985 Roman

885 2000 1025 2039 lawyer,
1035 2001 1111 2030 who
1122 2000 1212 2030 lived
1224 2000 1258 2030 in
1270 2001 1328 2030 the
1342 2000 1420 2030 first
1430 2003 1575 2039 century

885 2052 961 2075 AJ).
1003 2044 1033 2066 12
1051 2054 1099 2075 sc.
1115 2045 1211 2075 libro.
1252 2045 1450 2082 Thiswork,
1463 2045 1574 2076 which

886 2099 996 2121 seems
1008 2093 1045 2120 to
1058 2091 1146 2121 have
1160 2091 1245 2121 been
1256 2100 1278 2122 a
1291 2094 1363 2121 sort
1377 2091 1414 2121 of
1427 2091 1572 2130 history,

886 2136 916 2166 is
937 2136 1120 2166 elsewhere
1141 2137 1232 2166 cited
1253 2137 1300 2175 by
1320 2137 1378 2167 the
1401 2137 1478 2167 title
1506 2137 1576 2167 Me-

887 2181 1057 2217 moriana,
1068 2183 1075 2195 ¹
1086 2182 1266 2212 Memoirs.'
1296 2181 1323 2203 1³
1337 2184 1343 2194 ¹
1353 2191 1442 2212 were
1451 2182 1576 2220 taking

887 2227 949 2257 the
959 2227 1104 2257 census.’
1145 2227 1198 2257 On
1217 2228 1301 2258 such
1320 2227 1495 2261 occasions
1516 2228 1575 2257 the

888 2272 1047 2311 Knights,
1088 2273 1173 2302 each
1214 2273 1353 2311 leading
1398 2273 1452 2302 his
1498 2281 1574 2303 own

887 2317 998 2352 horse,
1023 2317 1145 2355 passed
1167 2317 1203 2347 in
1223 2317 1349 2348 review
1372 2318 1490 2348 before
1516 2318 1575 2348 the

888 2362 1042 2392 tribunal
1082 2362 1120 2392 of
1165 2363 1224 2393 the
1267 2371 1404 2393 censors
1438 2363 1474 2392 in
1516 2363 1575 2394 the

887 2407 1012 2437 forum.
