1734 2600
575 138 762 173 noeriis
791 138 1021 180 ΑΤΤῙΟΑΕ,
1045 138 1110 172 1v.
1138 138 1180 171 18
1528 133 1580 174 41

789 269 864 309 IV.
894 269 947 308 13

175 370 272 407 Quod
299 366 529 400 incentionesl
555 365 723 406 quaedam
749 365 913 395 tibiarum
940 366 1034 396 certo
1060 363 1161 395 modo
1187 363 1302 394 factae
1331 360 1513 393 ischiacis2

691 414 841 446 mederi⁸
853 414 995 453 possint.

242 498 457 540 Creditum
474 497 552 537 hoc
571 503 597 536 a
614 496 825 547 plerisque
848 507 938 534 esse
957 498 1000 534 et
1018 493 1240 533 memoriae
1254 492 1509 541 mandatum,

175 564 308 604 ischia
326 576 420 602 cum
447 561 627 601 maxime
647 560 826 610 doleant,
846 563 948 609 tum,
970 560 1006 599 si
1024 558 1204 598 modulis
1233 558 1395 597 lenibus
1420 557 1518 596 tibi-

175 641 252 668 cen
278 627 448 676 incinat‚
468 626 603 665 minui
627 625 789 664 dolores
822 637 898 674 ego
925 623 1163 675 nuperrime
1185 623 1231 661 in
1252 623 1359 662 libro
1383 622 1514 661 Theo-
1562 624 1582 653 5

116 720 118 722 -
175 692 361 745 phrasti⁴
397 695 598 742 scriptum
635 690 788 728 inveni.
854 690 1103 740 Viperarum
1139 687 1345 727 morsibus
1381 686 1515 726 tibici-

176 756 318 796 nium⁵
336 760 438 796 scite
457 755 749 806 modulateque
769 754 1002 793 adhibitum
1017 753 1032 775 ⁶
1049 753 1207 792 mederi
1231 753 1362 791 refert
1387 751 1514 791 etiam

177 821 407 861 Democriti
425 820 542 869 liber,
563 825 637 870 qui
661 819 902 859 inscribitur
925 819 1009 870 περὶ
1038 817 1202 868 λοιμῶν,7
1221 817 1266 855 in
1285 823 1367 867 quo
1395 817 1516 855 docet

178 886 369 938 plurimis
397 883 639 923 hominum⁸
666 883 866 923 morbidis
902 881 1158 921 medicinae⁹
1184 882 1316 921 fuisse
1347 880 1517 919 incenti-

179 957 277 990 ones
305 949 513 989 tibiarum.
570 950 708 988 Tanta
734 954 881 999 prosus
893 946 921 969 ¹⁰
947 947 1150 986 adfinitas
1180 950 1245 987 est
1276 945 1516 997 corporibus
1549 953 1588 983 10

178 1014 392 1054 hominum
431 1013 722 1064 mentibusque
759 1019 801 1051 et
838 1015 1058 1063 propterea
1087 1011 1204 1051 vitiis
1244 1023 1409 1063 quoque
1445 1013 1518 1049 aut

180 1078 371 1129 medellis
399 1077 631 1118 animorum
658 1080 701 1116 et
727 1089 956 1128 corporum.

768 1229 841 1268 IV.
871 1228 924 1268 18

181 1326 232 1357 De
257 1326 295 1356 P.
320 1317 482 1357 Kiricfino
495 1324 667 1364 superiore
676 1323 704 1346 11
717 1326 855 1362 sumpta
875 1323 1043 1362 quaedam
1056 1332 1101 1355 ex
1119 1323 1310 1372 Annalibus
1330 1324 1521 1353 memoratu

745 1374 956 1413 dignissima.

252 1454 391 1506 Scipio
427 1446 652 1493 Mricanus
695 1453 906 1504 antiquior
943 1457 1102 1504 quanta
1140 1452 1343 1492 virtutum
1393 1450 1525 1502 gloria
1556 1460 1594 1490 15

184 1518 442 1571 praestiterit
461 1522 503 1557 et
522 1530 646 1569 quam
666 1517 795 1557 fuerit
814 1518 924 1557 altus
945 1517 1113 1556 animi¹²
1131 1521 1256 1569 atque
1278 1516 1523 1567 magnificus

185 1587 228 1623 et
260 1589 344 1635 qua
375 1589 441 1622 sui
472 1582 726 1622 conscientia
757 1580 1002 1631 subnixus,¹³
1028 1582 1220 1633 plurimis
1253 1582 1388 1631 rebus,
1418 1593 1524 1633 quae

186 1647 295 1687 dixit
332 1659 520 1698 quaeque
556 1646 670 1695 fecit,
709 1646 963 1685 declaratum
1002 1650 1078 1686 est.
1134 1647 1201 1684 Ex
1237 1646 1388 1697 quibus
1427 1649 1525 1685 sunt

185 1713 287 1752 haec
315 1712 397 1751 duo
425 1710 615 1763 exempla
646 1710 735 1750 eius
767 1710 950 1750 fiduciae
959 1710 986 1732 ¹⁴
1017 1715 1143 1762 atque
1171 1710 1488 1762 exsuperantiae
1500 1710 1527 1732 ¹⁵

186 1776 390 1827 ingentis:
1558 1784 1597 1814 20

255 1891 269 1913 1
287 1890 514 1922 Incentifines
547 1889 738 1921 tibiarum:
782 1891 790 1905 ‘
802 1899 876 1929 per-

189 1937 380 1967 sor-mances
394 1934 438 1966 on
458 1937 516 1966 the
536 1936 652 1974 pipes.'
694 1936 765 1966 The
789 1936 876 1966 tibia

189 1982 376 2012 resembled
390 1982 448 2012 the
462 1981 558 2011 flute.
599 1982 680 2011 Two
694 1990 784 2011 were
798 1990 877 2019 gen-

189 2027 299 2066 erally
321 2027 405 2057 used
429 2030 467 2057 at
487 2035 570 2057 once
590 2027 637 2065 by
657 2027 715 2057 the
738 2027 874 2065 player;

189 2073 294 2103 hence
333 2073 391 2102 the
432 2072 557 2110 plural.
616 2071 632 2092 2
660 2085 691 2096 =
718 2072 725 2086 ‘
737 2080 876 2110 persons

190 2117 358 2156 suffering
370 2118 461 2148 from
474 2117 587 2147 ischia
598 2117 605 2131 '
621 2117 656 2154 (l.
667 2117 713 2154 4),
726 2117 781 2146 i.e.
794 2120 877 2155 gout

190 2164 228 2194 of
241 2164 300 2193 the
314 2164 400 2202 hips.
434 2163 505 2193 The
513 2162 607 2192 word
622 2162 651 2192 is
665 2162 782 2192 dative
793 2162 878 2192 with

190 2207 336 2239 mederi.
363 2208 378 2229 ⁸
394 2209 401 2223 ‘
413 2208 516 2238 cure!
546 2207 599 2238 Cf.
616 2207 767 2238 medellis
781 2215 878 2237 cures

191 2254 215 2284 l.
229 2255 277 2290 12,
290 2253 356 2284 and
369 2254 552 2289 medicina,
563 2254 571 2268 ⁴
582 2253 640 2283 the
650 2253 788 2290 healing
799 2252 877 2282 art.’

259 2298 274 2319 4
293 2299 324 2328 A
347 2298 461 2329 Greek
486 2298 703 2336 philosopher
732 2298 878 2334 (371-287

193 2344 290 2381 B.c.),
317 2344 394 2374 who
420 2343 520 2374 made
551 2343 814 2381 investigatione
843 2342 879 2372 in

194 2389 332 2419 natural
359 2388 501 2426 science,
529 2388 712 2427 especially
736 2388 878 2427 botany.

910 1890 925 1912 ⁵
938 1904 969 1916 =
982 1891 1134 1922 incentio
1146 1890 1323 1921 tibiarum.
1345 1890 1360 1912 ⁶
1375 1891 1382 1905 ‘
1393 1889 1595 1929 employed.’

911 1935 925 1958 '¹’
943 1938 1018 1977 περὶ
1034 1938 1157 1975 λοιμῶν
1170 1949 1201 1960 =
1215 1936 1266 1966 De
1278 1935 1417 1966 Morbis.
1459 1936 1472 1957 ⁸
1492 1936 1599 1974 parti-

910 1982 982 2012 tive
990 1982 1141 2020 genitive
1150 1982 1235 2011 with
1245 1979 1431 2011 morbidis.
1453 1981 1468 2002 ⁹
1481 1981 1597 2011 dative

910 2027 995 2057 with
1014 2025 1140 2057 fuisse.
1183 2026 1210 2047 1⁰
1227 2039 1257 2050 =
1270 2035 1424 2067 prorsus,
1442 2027 1449 2040 ‘
1462 2026 1596 2064 verily.’

979 2071 1007 2093 11
1027 2072 1080 2102 Cf.
1092 2073 1281 2110 antiquior,
1291 2071 1314 2101 1.
1326 2073 1374 2101 15.
1415 2072 1486 2102 The
1495 2072 1599 2102 refer—

911 2126 992 2148 ence
1006 2117 1035 2147 is
1049 2120 1085 2147 to
1100 2118 1135 2147 P.
1152 2117 1264 2155 Scipio
1278 2117 1461 2147 Africanus
1475 2117 1597 2153 Maior,

911 2162 988 2192 who
1002 2162 1160 2192 defeated
1177 2162 1351 2192 Hannibal
1372 2165 1409 2192 at
1431 2162 1546 2198 Zama,
1562 2162 1599 2191 in

913 2207 1041 2243 Asriea,
1072 2208 1130 2237 202
1157 2215 1226 2238 13.c.
1268 2206 1296 2228 12
1315 2207 1466 2245 genitive
1489 2207 1526 2237 of
1549 2215 1600 2238 re-

913 2255 1006 2290 spect
1020 2253 1103 2282 with
1118 2251 1229 2282 altus.
1270 2252 1324 2282 Cf.
1338 2252 1597 2290 maynanimus.

914 2297 942 2318 1³
962 2296 1100 2327 subniti
1130 2297 1215 2327 with
1242 2297 1300 2327 the
1327 2297 1479 2327 ablative
1508 2295 1600 2333 (0611-

914 2340 1078 2379 seientifi.)
1099 2355 1129 2367 =
1148 2343 1204 2372 ‘to
1231 2342 1305 2380 1·er
1331 2341 1399 2371 on.’
1454 2340 1482 2362 14
1503 2341 1601 2371 ‘seli-

913 2387 1085 2418 reliance.’
1127 2386 1154 2408 1⁵
1175 2386 1451 2426 ‘preeminencess
