1734 2600
145 139 198 178 36

150 840 188 871 10

151 1157 188 1187 15

151 1479 190 1509 20

646 138 808 172 AULUS
841 137 1048 171 GELLIUS

212 251 285 291 ille
317 259 481 292 rursum
521 252 599 292 ad1
626 252 766 291 filium
805 251 966 290 ‘Amici
1003 251 1076 290 isti
1111 249 1329 300 magnam²
1363 251 1547 301 partem'

212 316 351 368 inquit
372 321 381 340 ‘
393 321 617 357 cessatores
630 317 644 339 ³
663 320 769 356 sunt.
828 315 962 362 Quin*
979 315 1118 371 potius
1144 321 1251 354 imus
1278 319 1319 354 et
1341 314 1550 364 cognatos⁵

214 382 458 432 adfinesque
490 386 654 421 nostros
688 387 864 430 oramus,
898 383 946 419 ut
978 379 1111 418 assint
1144 385 1233 418 cras
1263 378 1465 430 tempori⁶
1495 379 1550 418 ad.

214 446 453 484 metendum
468 448 487 485 ἱ)
503 447 512 466 '
569 446 724 484 Itidem
743 445 820 484 hoc
840 444 947 495 pulli
965 443 1176 495 pavefacti
1198 447 1322 482 matri
1339 443 1546 482 nuntiant.

215 511 351 549 Mater
378 510 580 559 hortatur,
604 514 652 549 ut
676 509 790 548 tum⁷
813 521 975 560 quoque
1005 508 1093 547 sine
1120 511 1235 546 metu
1262 514 1308 546 ac
1338 507 1426 547 sine
1452 513 1551 547 cura

216 574 311 624 sint,
333 578 528 624 cognatos
549 574 795 624 adfinesque
823 573 960 611 nullos
979 572 1111 610 ferme
1133 575 1221 610 tam
1248 584 1337 611 esse
1365 571 1550 622 obsequi-

214 638 344 678 biles⁸
372 639 441 688 ait,
468 642 515 677 ut
535 639 588 677 ad
613 638 794 677 laborem
820 634 1143 688 capessendum⁹
1169 635 1277 674 nihil
1305 639 1550 674 cunctentur

215 706 257 742 et
283 703 425 742 statim
445 703 556 741 dieto
576 702 817 741 oboediant:
850 705 860 725 ‘
871 702 957 741 Vos
985 700 1129 739 m'odo'
1149 699 1288 750 inquit
1309 703 1319 723 ‘
1331 699 1548 749 advertite,

217 773 253 807 si
271 767 392 806 modo
411 767 513 818 quid
533 767 667 805 denuo
678 765 704 788 ¹⁰
722 765 906 805 dicetur!
952 764 1062 803 'Alia
1075 764 1166 802 luce
1182 767 1272 802 orta
1291 763 1379 803 avis
1398 764 1444 802 in
1462 767 1551 815 pas-

215 835 306 871 tum
324 832 512 882 profecta
531 834 604 870 est.
663 831 839 880 Cognati
857 833 899 868 et
919 829 1081 868 adfines
1106 840 1284 879 operam,
1306 840 1429 878 quam
1452 828 1550 866 dare

216 900 350 945 rogati
369 899 477 945 sunt,
500 893 862 946 supersederunt.¹¹
915 893 985 932 Ad.
1004 896 1257 944 postremum
1278 892 1407 941 igitur
1426 891 1552 930 domi-

215 970 294 996 nus
331 957 424 996 filio
436 956 463 978 ¹²
503 956 721 996 ‘Valeant’
734 955 761 978 1³
795 955 935 1006 inquit
973 958 1115 993 ‘amici
1155 966 1249 992 cum
1278 953 1549 1004 propinquis.⁵

216 1021 379 1060 Afferes
391 1020 418 1042 ¹⁴
435 1027 569 1072 primo
582 1020 609 1042 ¹⁵
623 1020 708 1059 luci
722 1020 852 1059 falces
868 1020 992 1068 duas;
1014 1025 1136 1057 unam
1154 1020 1316 1067 egomet
1329 1017 1433 1055 mihi
1449 1020 1490 1056 et
1504 1020 1552 1056 tu

216 1086 294 1125 tibi
328 1086 465 1136 capies
503 1085 677 1124 alteram
710 1088 752 1123 et
784 1084 1041 1122 frumentum
1077 1081 1323 1131 nosmetipsi
1360 1081 1551 1120 manibus

218 1154 370 1189 nostris
390 1156 479 1189 cras
499 1149 726 1188 metemus!
782 1149 835 1187 Id
853 1147 924 1186 ubi
945 1160 996 1186 ex
1014 1146 1142 1197 pullis
1163 1145 1320 1184 dixisse
1339 1145 1552 1184 dominum

217 1218 349 1253 mater
373 1213 545 1263 audivit,
568 1217 578 1236 ‘
593 1214 773 1264 Tempus
787 1213 797 1232 '
817 1211 956 1262 inquit
981 1214 1066 1249 ‘est
1089 1210 1262 1248 cedendi
1285 1213 1326 1248 et
1350 1209 1550 1259 abeund13

213 1279 292 1317 fiet
307 1290 417 1316 nunc
433 1277 557 1316 dubio
572 1276 715 1328 procul
745 1277 856 1327 quod
874 1276 1065 1314 futurum
1083 1274 1202 1313 dixit.
1259 1273 1313 1311 In
1331 1273 1422 1324 ipso.
1441 1273 1552 1312 enim

217 1342 302 1381 iam
338 1341 516 1380 vertitur
547 1341 641 1380 cuia
652 1340 679 1362 ¹⁶
710 1348 774 1380 res
808 1344 883 1390 est,
913 1346 996 1378 non
1021 1339 1066 1377 in
1098 1338 1191 1387 alio,
1222 1338 1333 1377 unde
1369 1337 1551 1388 petitur!

217 1406 358 1457 Atque
387 1406 447 1444 ita
474 1409 627 1445 cassita
653 1406 799 1445 nidum
824 1402 1061 1454 migravit,¹⁷
1089 1415 1204 1452 seges
1233 1408 1258 1441 a
1285 1401 1452 1441 domino
1488 1401 1554 1440 de-

218 1483 354 1510 messa
372 1470 474 1509 est.''

220 1621 233 1642 1
253 1620 300 1651 ad
337 1619 456 1650 filium
479 1642 486 1650 .
512 1642 518 1649 .
544 1642 550 1648 .
572 1617 692 1657 inquit
713 1632 743 1643 =
760 1618 836 1656 filio
874 1640 881 1647 .
900 1641 906 1647 .
924 1641 931 1648 .
947 1617 1081 1656 inquit:
1117 1620 1270 1649 contrast
1299 1619 1358 1649 the
1384 1621 1555 1650 construc-

151 1667 277 1705 inquit.
313 1666 407 1695 With
421 1665 490 1695 this
504 1664 747 1700 construction,
762 1664 838 1694 bor-

152 1712 264 1742 rowed
285 1712 331 1749 by
345 1711 474 1741 Gellius
492 1710 581 1740 from
603 1710 660 1739 the
681 1709 837 1747 plebeian

152 1757 284 1795 speech,
299 1764 455 1794 compare
476 1756 585 1785 dicere
606 1756 661 1791 ad,
678 1754 836 1784 dictitare

154 1802 210 1838 ad,
226 1802 293 1832 and
315 1801 408 1839 loqui
427 1801 482 1837 ad,
499 1800 545 1830 all
559 1800 595 1830 of
608 1799 719 1829 which
737 1808 838 1829 occur

153 1848 189 1877 in
209 1848 266 1877 the
287 1847 411 1876 Noctes
432 1846 577 1875 Atticae.
619 1844 633 1865 2
654 1844 838 1874 Adverbial

154 1892 347 1923 accusative
362 1892 398 1921 of
418 1891 550 1929 degree.
601 1889 615 1911 ⁸
638 1889 836 1920 ‘loiterers.'

154 1937 167 1958 4
181 1937 271 1972 Quin
292 1936 402 1966 imus:
439 1935 601 1973 literally,
619 1934 627 1949 ‘
639 1934 729 1973 Why
743 1934 839 1964 don't

153 1991 204 2012 we
218 1991 259 2020 go
277 1982 310 2011 ‘2’
333 1982 395 2011 but
409 1994 439 2005 =
454 1990 474 2011 a
495 1980 686 2016 command,
708 1988 836 2009 eamus.

154 2027 167 2048 5
187 2026 335 2065 cognati
364 2035 421 2056 are
455 2026 614 2055 kinsmen
647 2026 693 2063 by
726 2025 837 2061 blood,

154 2071 293 2102 adfines
314 2071 474 2101 relatives
494 2071 540 2109 by
561 2070 742 2108 marriage,
760 2076 840 2107 pro-

154 2116 279 2155 pinqui
298 2117 458 2146 relatives
473 2116 508 2145 in
523 2115 670 2154 general,
687 2115 839 2145 whether

154 2163 200 2200 by
245 2162 345 2192 blood
398 2170 436 2190 or
489 2161 670 2198 marriage.
730 2155 745 2180 ⁸
767 2160 840 2189 ‘be-

154 2207 278 2237 times.'
321 2206 426 2236 ⁷tum
455 2212 611 2243 quoque:
646 2204 839 2234 ‘thistime

154 2252 236 2282 too.'
277 2251 291 2273 ⁸
312 2252 319 2266 ‘
331 2251 505 2288 obliging.’
547 2250 560 2270 9
581 2250 634 2279 Cf.
650 2259 682 2287 p.
699 2250 746 2285 17,
762 2258 795 2278 n.
811 2250 839 2279 6.

155 2296 182 2318 10
198 2297 205 2311 ‘
217 2305 324 2332 anew,
360 2295 499 2326 afresh!
546 2295 637 2324 Thus
670 2294 702 2324 si
718 2316 724 2322 .
743 2316 749 2323 .
769 2315 775 2322 .
792 2292 841 2323 di-

154 2342 257 2372 cfitur
273 2354 303 2365 =
321 2342 351 2371 si
373 2341 456 2378 quid
475 2340 525 2369 rei
540 2348 645 2369 novae
660 2339 838 2375 diceretur,

154 2396 186 2425 p.
199 2387 248 2423 35,
262 2386 286 2416 1.
303 2387 331 2416 1.
381 2384 409 2407 11
425 2397 455 2409 =
468 2385 666 2415 omiserunt.
714 2382 743 2404 12
762 2381 840 2412 filio

871 1663 943 1693 tion
957 1665 1037 1694 here
1051 1663 1136 1694 with
1150 1665 1226 1694 that
1241 1664 1276 1694 in
1296 1664 1318 1694 1.
1333 1665 1361 1700 1,
1377 1665 1422 1694 ad
1436 1664 1554 1702 filium

871 1709 997 1746 inquit,
1033 1709 1099 1739 and
1141 1718 1195 1739 see
1232 1709 1290 1739 the
1330 1712 1410 1739 note
1449 1710 1555 1740 there.

872 1753 899 1774 1⁸
912 1752 1062 1784 valeant
1089 1754 1210 1784 amici:
1244 1754 1251 1768 ‘
1263 1754 1415 1784 farewell
1435 1756 1471 1784 to
1491 1763 1555 1784 our

872 1799 1025 1828 friends.'
1074 1798 1164 1835 Vale,
1186 1799 1193 1813 ‘
1204 1798 1362 1837 goodby‚'
1377 1799 1406 1829 is
1426 1807 1447 1829 a
1467 1807 1555 1830 com-

872 1852 950 1873 mon
964 1843 1157 1881 expression
1171 1846 1208 1873 at
1221 1844 1280 1874 the
1290 1843 1379 1874 close
1397 1843 1434 1874 of
1453 1844 1554 1874 Latin

871 1889 1003 1919 letters.
1057 1887 1085 1909 14
1104 1889 1175 1918 The
1208 1888 1324 1919 future
1357 1888 1552 1925 indicative,

872 1934 952 1964 here
972 1942 1010 1964 as
1026 1933 1121 1963 often
1141 1933 1338 1972 (especially
1351 1933 1387 1963 in
1403 1933 1504 1964 Latin
1518 1933 1555 1963 os

873 1988 893 2009 a
907 1978 1086 2016 colloquial
1108 1977 1290 2016 coloring)‚
1306 1991 1336 2003 =
1349 1987 1392 2008 an
1413 1978 1556 2016 impera-

873 2024 954 2054 tive.
1009 2022 1037 2045 15
1055 2023 1171 2061 prim6
1204 2022 1291 2053 luci:
1334 2032 1378 2054 an
1419 2023 1555 2054 archaic

873 2069 1006 2107 phrase,
1027 2069 1081 2098 for
1095 2069 1205 2098 which
1219 2069 1254 2098 in
1275 2069 1332 2099 the
1346 2069 1421 2098 best
1438 2068 1554 2106 period

870 2115 985 2151 prima
1008 2113 1091 2150 luce,
1113 2122 1151 2143 or
1173 2113 1244 2143 luce
1265 2114 1391 2143 oriente
1413 2113 1443 2143 is
1463 2113 1556 2143 writ-

872 2162 942 2189 ten.
972 2158 999 2180 16
1012 2159 1114 2188 From
1123 2158 1230 2193 cuius,
1239 2167 1271 2195 α,
1282 2167 1341 2187 um
1354 2170 1383 2182 =
1398 2158 1406 2172 ‘
1417 2157 1553 2188 whose!

873 2203 1067 2234 Translate:
1106 2203 1113 2217 ‘
1127 2203 1193 2232 For
1213 2203 1271 2233 the
1292 2205 1419 2233 matter
1446 2203 1475 2233 is
1500 2202 1557 2233 de-

873 2249 1020 2286 pendent
1031 2257 1107 2278 now
1117 2256 1160 2277 on
1177 2247 1342 2285 (literally
1357 2247 1405 2277 ‘is
1415 2247 1556 2285 turning

874 2293 941 2329 on‚'
954 2301 991 2322 as
1006 2301 1026 2322 a
1040 2293 1123 2322 door
1140 2301 1183 2322 on
1197 2301 1218 2322 a
1231 2292 1341 2329 pivot)
1365 2292 1436 2321 him
1456 2291 1555 2322 alone

873 2338 983 2367 whom
1016 2337 1044 2366 it
1072 2336 1181 2374 really
1206 2335 1390 2367 eoncerns.’
1436 2335 1465 2358 ¹⁷
1486 2335 1556 2366 ‘re-

874 2381 1019 2418 moved‚’
1035 2390 1056 2411 a
1070 2389 1146 2412 rare
1160 2389 1267 2412 sense.
