1734 2600
544 180 730 214 Noc'rns
759 178 988 219 ATTICAE,
1015 177 1064 211 11.
1094 178 1111 210 1
1480 173 1532 213 27

116 298 230 346 ferre
261 294 424 347 lepide1
442 294 612 346 quidem
637 292 888 346 composita²
911 296 1020 342 sunt,
1041 292 1115 332 sed
1140 292 1271 330 tollere
1291 292 1464 341 apparet

125 360 283 399 dictum
302 366 376 411 pre
395 362 599 411 corriqere.
652 358 730 397 Id.3
748 358 875 398 etiam
895 360 1078 408 apparet,
1095 355 1298 395 eiusmodi
1311 353 1463 392 vitium

124 424 278 473 uxeris,
310 430 347 463 si
378 424 530 474 corrigi
561 430 645 463 nen
680 423 827 474 possit,
857 422 1079 461 ferendum
1116 432 1205 460 esse
1235 420 1463 459 Varrenem

124 489 345 537 censuisse,
361 489 473 539 quod
496 488 600 527 ferri
625 488 785 527 scilicet
804 493 830 526 a
847 487 938 526 vire
956 486 1130 525 honeste
1149 487 1308 536 potest3
1335 482 1466 523 vitia*

124 553 237 592 enim
254 552 427 603 flagitiis
447 552 606 592 leviera
624 555 731 592 sunt.
1513 559 1533 588 5

738 658 797 697 II.
828 658 852 697 1

113 742 201 791 'Quo
213 764 336 795 genere
352 755 474 786 solitus
488 755 534 786 sit
547 754 768 794 philosophus
784 754 938 786 Secrates
957 751 1137 784 exercere⁵
1149 752 1353 791 patientiam
1362 751 1377 774 ⁶
1394 761 1467 783 cor-

423 805 516 844 poris
530 815 537 843 ;
558 805 666 844 deque
680 804 831 835 eiusdem
845 804 913 835 viri
926 802 1165 843 temperantis-2.

192 886 311 924 Inter
348 885 509 924 labetes
546 884 805 924 voluntaries
843 888 885 923 et
922 883 1122 923 exercitia
1167 882 1376 934 corporis⁷
1413 883 1467 921 ad

125 950 323 989 fortuitas
351 949 580 1001 patientiae
607 949 720 989 vices
749 949 951 988 firmandi
975 948 1021 987 id.
1040 959 1204 999 quoque
1232 947 1466 998 accepimus

127 1014 325 1054 Secraten
343 1014 479 1053 facere
499 1013 752 1053 insuevisse:
784 1017 894 1053 stare
923 1013 1072 1052 solitus
1097 1012 1286 1052 Secrates
1315 1012 1467 1051 dicitur

125 1078 331 1130 pertinaci
363 1082 477 1118 statu
508 1077 704 1129 perdius⁸
735 1082 860 1128 atque
892 1076 1075 1128 pernox⁸
1106 1083 1131 1115 a
1163 1083 1324 1116 summe
1360 1076 1466 1116 lficis

125 1147 221 1182 ortu
245 1143 299 1182 ad
327 1143 456 1182 selem
487 1143 663 1182 alterum
696 1142 899 1181 orientem
928 1140 1200 1190 incenivens,⁹
1226 1141 1464 1190 immebilis‚

126 1208 259 1247 isdem
282 1207 327 1245 in
349 1207 540 1257 vestigiis
569 1211 611 1246 et
639 1213 709 1246 ere
737 1211 863 1257 atque
891 1206 1023 1245 oculis
1051 1206 1229 1244 eundem
1256 1205 1302 1244 in
1330 1205 1464 1244 locum

125 1272 296 1311 directis
325 1270 670 1320 cegitabundus‚¹⁰
692 1263 907 1322 tamquam
930 1271 1110 1322 quedam
1130 1277 1295 1310 secessu
1313 1270 1466 1310 mentis

125 1340 251 1387 atque
270 1336 400 1375 animi
418 1337 531 1375 facte
550 1342 575 1375 a
593 1348 772 1387 corpore.

192 1401 487 1451 Temperantia
504 1413 667 1451 quoque
686 1400 819 1439 fuisse
840 1413 934 1439 eum
956 1404 1076 1439 tanta
1101 1399 1303 1438 traditum
1324 1403 1398 1448 est,
1418 1404 1467 1438 ut

126 1465 266 1504 omnia
283 1465 371 1504 fere
389 1469 502 1504 vitae
522 1477 620 1504 suae
639 1469 828 1515 tempora
840 1464 1080 1504 valetudine
1096 1464 1302 1503 inoffensa
1312 1462 1338 1484 ¹¹
1356 1470 1468 1503 vixe-

125 1529 192 1568 rit.
248 1529 302 1567 In
319 1529 435 1569 illius
461 1529 587 1568 etiam
613 1529 878 1580 pestilentiae
902 1528 1142 1578 vastitate‚¹²
1163 1541 1268 1579 quae
1295 1528 1340 1566 in
1365 1528 1467 1567 belli

125 1593 498 1644 Peloponnensiaci
515 1594 718 1645 principis
730 1593 757 1615 ¹³
770 1593 1094 1633 Atheniensium
1109 1593 1324 1632 civitatem
1344 1593 1467 1632 inter-

125 1664 271 1696 necive
284 1656 311 1678 ¹4
329 1670 477 1707 genere
495 1658 630 1697 morbi
655 1657 908 1710 depopulata
926 1661 1002 1707 est,
1022 1657 1059 1697 is
1078 1656 1314 1709 parcendiss
1332 1658 1467 1696 mode·
1497 1668 1537 1697 20

1499 1020 1537 1049 10

1498 1346 1536 1374 15

194 1775 207 1797 1
221 1777 229 1791 ‘
240 1776 410 1815 cleverly!
452 1775 466 1797 2
481 1776 489 1791 ‘
499 1779 562 1814 put
572 1776 644 1807 side
658 1776 704 1815 by
713 1776 810 1812 side‚'

125 1821 295 1858 matched,
315 1831 353 1852 as
386 1822 414 1851 it
446 1830 546 1852 were.
587 1821 602 1842 ⁸
621 1821 665 1851 Id
694 1821 724 1852 is
756 1830 813 1852 ex-

125 1866 262 1904 plained
276 1867 322 1905 by
336 1868 394 1897 the
414 1867 529 1897 clause
544 1867 735 1904 serendum
752 1889 759 1896 .
777 1889 784 1896 .
803 1889 810 1896 .
846 1866 861 1887 ⁹
881 1866 1046 1896 ‘without
1057 1865 1188 1903 closing
1210 1865 1263 1896 his
1290 1865 1393 1903 eyes!

123 1915 243 1949 potest.
283 1912 298 1932 4
317 1911 515 1951 Eligitium
538 1925 569 1937 =
592 1914 632 1942 ‘a
665 1912 813 1950 burning

125 1957 262 1987 shame'
283 1957 314 1987 is
333 1958 435 1987 much
454 1961 610 1996 stronger
633 1958 717 1988 than
730 1956 814 1987 viti-

125 2008 187 2031 um
212 2002 313 2038 (from
340 2003 441 2039 viere,
464 2003 520 2032 ‘to
543 2002 674 2039 twist')
702 2003 813 2033 which

130 2059 160 2070 =
174 2055 243 2085 any
282 2047 476 2085 departure,
505 2048 662 2078 however
695 2047 811 2086 slight,

126 2091 216 2122 from
231 2092 288 2122 the
303 2092 405 2130 right.
439 2092 454 2114 ⁵
478 2092 661 2131 ‘develop.'
703 2093 717 2114 ⁶
738 2094 813 2122 ‘en-

125 2137 300 2168 durance.'
341 2136 355 2159 ⁷
368 2136 529 2175 corporis
546 2160 554 2167 .
572 2160 579 2167 .
598 2160 604 2167 .
621 2136 809 2168 firmandi:

125 2182 184 2212 the
198 2182 386 2221 gerundive
402 2183 482 2213 here
497 2191 605 2213 seems
626 2186 662 2213 to
676 2192 813 2221 express

125 2236 281 2266 purpose.
321 2228 519 2258 Translate:
543 2228 551 2243 ⁶
565 2228 733 2259 exercises
759 2229 814 2259 for

126 2273 184 2303 the
216 2281 362 2310 purpose
395 2274 431 2303 os
468 2274 728 2312 strengthening
760 2274 813 2304 his

126 2317 217 2355 body
230 2321 267 2347 to
282 2321 372 2348 meet
393 2318 603 2356 unexpected
617 2319 702 2349 calls
722 2328 813 2357 upon

126 2362 172 2392 its
185 2362 398 2393 endurance.’
426 2363 482 2392 Ad
495 2364 575 2394 here
589 2376 620 2388 =
636 2364 644 2378 ⁴
654 2364 811 2402 against!

127 2406 141 2428 ⁸
160 2407 357 2446 Adjectives
379 2408 465 2438 with
487 2409 546 2439 the
569 2408 670 2439 value
693 2409 731 2439 ot
756 2409 815 2439 ad-

847 1776 959 1806 verbs.
993 1775 1088 1813 Tbey
1102 1774 1202 1813 equal
1211 1782 1275 1812 per
1289 1775 1380 1804 diem
1394 1775 1462 1805 and
1471 1783 1536 1812 per

847 1824 978 1851 noctem
998 1820 1232 1858 respectively.
1272 1819 1326 1850 Cf.
1348 1829 1381 1858 p.
1401 1820 1489 1856 26,1.
1504 1822 1534 1850 6.

1438 1865 1536 1896 Goni-

847 1920 921 1942 vere
933 1924 964 1936 =
975 1914 1012 1941 to
1025 1911 1131 1941 wink.
1173 1910 1199 1931 1⁰
1215 1910 1301 1940 ‘lost
1315 1910 1350 1939 in
1362 1911 1533 1948 thought.’

915 1956 942 1978 11
964 1956 1205 1992 ‘unassailed,'
1228 1956 1283 1986 i.e.
1310 1956 1534 1993 unimpaired.

848 2001 876 2023 12
896 2002 1048 2032 ‘havoc.’
1089 2002 1161 2031 The
1184 2001 1356 2031 reference
1376 2001 1404 2031 is
1419 2004 1455 2030 to
1477 2002 1535 2031 the

847 2050 945 2085 great
968 2047 1091 2085 plague
1115 2050 1152 2077 at
1174 2046 1304 2076 Athens
1326 2046 1361 2075 in
1378 2047 1438 2075 430
1452 2054 1534 2082 13.c.,

847 2101 911 2122 one
924 2092 961 2122 of
974 2093 1087 2122 whose
1100 2092 1236 2122 victims
1247 2100 1317 2121 was
1329 2092 1386 2121 the
1401 2091 1536 2121 famous

847 2140 1048 2174 statesman,
1060 2137 1218 2167 Pericles.
1248 2136 1276 2157 1⁸
1293 2149 1323 2160 =
1335 2137 1534 2174 principiis.

848 2181 876 2203 14
898 2195 928 2206 =
945 2183 1169 2213 interneciuo.
1210 2181 1237 2203 1⁵
1256 2191 1303 2212 sc.
1329 2181 1406 2212 sibi.
1447 2182 1538 2211 Par-

849 2236 931 2263 cere,
953 2227 1020 2258 sibi
1037 2241 1067 2252 =
1087 2228 1144 2257 ‘to
1170 2227 1254 2257 take
1281 2227 1368 2265 good
1395 2235 1473 2257 care
1500 2227 1537 2256 of

848 2273 941 2303 one's
963 2273 1045 2310 self;
1060 2273 1068 2287 '
1090 2273 1135 2302 cf.
1152 2272 1284 2302 Horace
1306 2272 1378 2302 Sat.
1394 2272 1417 2301 i.
1432 2273 1462 2301 4.
1480 2273 1537 2301 126

849 2318 977 2348 Avidos
990 2318 1173 2356 (gluttons)
1194 2317 1344 2348 vicinum
1358 2317 1463 2347 funus
1478 2339 1486 2346 .
1502 2339 1509 2346 .
1528 2339 1535 2346 .

848 2372 968 2402 aegros
1001 2364 1175 2393 exanimat
1218 2363 1403 2401 mortisque
1442 2364 1537 2392 metu

848 2409 913 2439 sibi
926 2417 1065 2447 parcere
1079 2408 1179 2447 cogit.
