1734 2600
177 163 229 202 64

171 864 210 895 10

170 1313 207 1343 15

681 164 842 197 AULUS
874 164 1077 198 GELLIUS

245 282 309 316 vis
325 277 527 327 quaedam
548 277 691 316 divina
708 278 778 316 fit:
806 291 951 335 corvus
967 282 1136 330 repente
1155 279 1389 330 inprevisus
1409 280 1577 320 advolat

245 343 287 379 et
307 353 430 392 super
458 341 617 391 galeam
645 342 803 381 tribuni
831 342 989 382 insistit
1018 347 1142 394 atque
1169 343 1266 382 inde
1294 344 1338 382 in
1366 344 1577 384 adversari

245 411 289 444 es
319 409 443 456 atque
481 406 618 445 ocules
656 413 839 457 pugnare
871 407 1043 458 incipit;
1087 407 1301 457 insilibat,¹
1329 409 1575 447 obturbabat

244 473 286 508 et
304 470 511 519 unguibus
531 483 698 509 manum
725 471 934 510 laniabat²
952 475 994 510 et
1018 476 1281 523 prospectum
1309 473 1386 512 alis
1410 473 1575 511 arcebat

244 537 380 585 atque,
414 535 486 579 ubi
519 535 620 574 satis
655 535 870 585 saevierat,
904 536 1116 575 revolabat
1143 536 1189 575 in
1216 537 1374 586 galeam
1403 537 1572 576 tribuni.

245 598 312 637 Sic
339 598 543 647 tribunus,
574 603 786 650 spectante
818 604 994 651 utreque
1023 601 1217 650 exercitu,
1248 605 1289 640 et
1318 607 1392 640 sua
1418 595 1574 640 virtute

242 669 365 702 nixus
386 667 427 702 et
447 670 571 714 opera
589 664 702 703 alitis
723 669 1019 715 propugnatus,
1040 665 1185 704 ducem
1207 665 1390 704 hostium
1410 665 1575 705 ferocis-

243 726 393 766 simum
408 728 511 766 vicit
530 728 824 779 interfecitque
841 733 964 780 atque
980 730 1030 768 ob
1045 729 1151 768 hanc
1170 742 1335 768 causam
1350 735 1575 778 cegnemen

241 790 388 830 habuit
427 793 639 832 Corvinus.
708 793 761 831 Id
797 793 956 832 factum
997 797 1061 832 est
1101 800 1220 833 annis
1258 793 1573 844 quadringentis

242 855 425 907 quinque
453 860 548 907 post
575 858 751 896 Remam
780 857 999 896 conditam.

309 920 498 959 Statuam
537 921 714 961 Corvine
750 921 824 961 isti
861 921 1019 961 Divus³
1051 922 1265 971 Augustus
1298 922 1343 960 in
1374 922 1466 961 fore
1499 928 1573 962 suf)

241 986 504 1024 statuendam
524 986 693 1024 curavit.
752 986 806 1024 In
825 986 912 1025 eius
934 989 1095 1025 statuae
1118 986 1253 1037 capite
1277 993 1390 1024 corvi
1409 986 1574 1026 simula-

240 1060 355 1087 crum
375 1052 450 1099 est,
471 1055 531 1088 rei
550 1056 805 1100 pugnaeque,
826 1063 951 1101 quam
971 1050 1165 1100 diximus,
1185 1050 1494 1089 monimentum.

829 1180 905 1218 IX.
936 1179 988 1218 13

239 1263 351 1294 Verba
365 1271 407 1293 ex
421 1263 577 1293 Historia
591 1263 712 1294 Claudi
722 1262 736 1284 4
750 1263 965 1302 Quadrigari,
981 1263 1102 1301 quibus
1116 1263 1225 1293 Manli
1234 1262 1248 1284 ⁵
1261 1263 1434 1302 Torquati,
1449 1263 1572 1294 nebilis

306 1313 543 1349 adulescentis,
559 1315 594 1343 et
607 1313 715 1343 hostis
729 1313 820 1343 Galli
833 1313 1051 1351 prevocantis
1065 1315 1215 1351 pugnam
1228 1313 1392 1351 depinxit.

305 1381 425 1420 Titus
446 1381 629 1420 Manlius
653 1388 813 1420 summe
841 1382 929 1420 loce
956 1385 1079 1420 natus
1109 1380 1402 1431 adprimeque6
1418 1381 1570 1422 nebilis

238 1445 332 1484 fuit.
390 1446 443 1483 Ei
480 1445 639 1484 Manlie
675 1449 991 1494 cognomentum
1027 1446 1186 1484 factum
1224 1449 1288 1485 est
1322 1446 1568 1496 Torquatus.

239 1510 415 1549 Causam
446 1513 707 1559 cognementi
734 1510 866 1549 fuisse
904 1509 1135 1565 accepimus
1168 1509 1328 1559 torquis
1343 1509 1356 1531 ⁷
1388 1521 1440 1548 ex
1472 1515 1571 1549 aure

237 1573 442 1623 induvies,
456 1586 580 1624 quam
596 1586 647 1612 ex
661 1573 791 1623 hoste,
808 1586 931 1624 quem
947 1574 1162 1622 occiderat,
1177 1574 1403 1612 detractam
1418 1573 1567 1612 induit.

240 1638 321 1677 Sed
340 1638 433 1688 quis
452 1638 585 1677 hostis
606 1642 647 1676 et
667 1638 767 1688 quid
792 1650 931 1687 genus,
953 1650 1077 1688 quam
1096 1638 1383 1677 formidandae
1401 1637 1571 1677 vastita-

237 1702 292 1741 tis
322 1705 364 1741 et
391 1701 618 1752 quantum⁸
650 1702 831 1741 insolens
860 1706 1102 1752 provocator
1135 1705 1177 1740 et
1209 1700 1414 1740 cuimodi⁹
1441 1701 1570 1740 fuerit

237 1772 377 1817 pugna
408 1766 675 1815 decertatum,
708 1767 753 1813 Q.
790 1766 988 1806 Claudius
1021 1772 1155 1816 prime
1184 1765 1411 1805 Annalium
1440 1765 1571 1815 pfiris-

238 1830 340 1870 sime
353 1829 380 1851 ¹⁰
393 1833 518 1880 atque
533 1830 828 1870 inlustrissime
841 1829 867 1850 ¹¹
882 1830 1143 1880 simplicique
1163 1833 1205 1868 et
1223 1829 1434 1880 incempta
1445 1827 1472 1850 ¹²
1485 1834 1570 1868 era-

235 1927 248 1949 1
268 1928 402 1958 archaic
419 1927 473 1957 for
488 1927 671 1958 insiliebat.
712 1926 727 1948 2
740 1927 850 1957 ‘tore’

167 1972 182 1994 8
201 1971 310 2002 Divus
340 1973 369 2002 is
396 1973 454 2002 the
482 1973 617 2010 regular
646 1972 775 2010 epithet
801 1976 852 2002 at-

168 2018 288 2047 tached
316 2021 352 2047 to
379 2018 437 2047 the
464 2026 580 2047 names
608 2018 644 2047 of
677 2018 735 2047 the
764 2017 850 2047 dead

168 2071 347 2100 emperors.
389 2063 568 2101 Imitating
605 2063 662 2093 the
696 2062 851 2100 example

167 2110 219 2137 set
233 2108 278 2145 by
291 2108 403 2137 Julius
424 2107 558 2143 Caesar,
576 2108 749 2145 Augustus
763 2107 850 2137 built

167 2161 188 2183 a
202 2153 326 2189 forum,
342 2153 540 2191 containing
554 2162 574 2183 a
593 2153 747 2190 splendid
768 2156 851 2182 tem-

167 2197 221 2235 ple
235 2198 413 2228 dedicated
428 2201 463 2227 to
478 2198 571 2228 Mars
593 2198 704 2234 Ultor,
721 2201 800 2236 part
815 2198 851 2227 of

167 2242 277 2273 which
291 2246 349 2280 yet
364 2243 521 2273 remains.

233 2287 248 2308 4
261 2288 314 2318 Cf.
325 2297 358 2325 p.
370 2288 419 2324 23,
429 2296 461 2318 n.
470 2289 499 2317 3.
541 2287 555 2309 5
565 2288 602 2317 T.
614 2287 763 2318 Manlius
771 2287 851 2317 Tor-

167 2335 290 2371 quatus
305 2341 374 2362 was
389 2333 486 2362 twice
500 2333 648 2363 dictator
662 2333 729 2362 and
744 2332 850 2362 thrice

167 2377 294 2408 consul.
333 2377 403 2407 The
437 2377 523 2415 fight
555 2377 705 2408 referred
738 2379 774 2407 to
806 2377 851 2414 by

167 2421 296 2453 Gellius
309 2430 378 2452 was
394 2422 514 2460 fought
527 2422 562 2451 in
576 2423 631 2452 361
647 2429 717 2452 nc.
748 2421 763 2442 Θ
777 2421 785 2436 ‘
796 2430 852 2451 ex-

885 1927 1086 1965 ceedingly.'
1137 1927 1149 1948 ⁷
1172 1926 1387 1964 ‘necklace'3
1420 1926 1570 1965 genitive

884 1972 968 2002 with
987 1970 1162 2008 induvias,
1178 1972 1288 2001 which
1302 1985 1333 1996 =
1346 1972 1354 1986 ‘
1366 1971 1568 2002 ornament!

886 2017 972 2047 Note
986 2017 1057 2047 also
1072 2017 1148 2046 that
1171 2017 1325 2047 induvies
1339 2017 1369 2047 is
1383 2025 1451 2047 acc.
1466 2016 1568 2055 plur„

885 2062 952 2092 and
979 2063 1056 2092 that
1080 2063 1137 2092 the
1160 2062 1252 2092 word
1274 2070 1392 2092 occurs
1413 2061 1569 2091 nowhere

885 2108 954 2137 else
963 2107 997 2136 in
1009 2107 1119 2137 Latin.
1153 2107 1166 2128 8
1181 2106 1364 2137 Adverbial
1375 2106 1569 2136 accusative

885 2153 969 2182 with
1001 2151 1168 2181 insolens.
1208 2151 1223 2172 ⁹
1245 2164 1275 2175 =
1293 2151 1400 2189 quali.
1442 2151 1496 2181 Cf.
1534 2159 1567 2188 p.

886 2198 933 2233 15,
950 2206 982 2226 n.
1005 2198 1034 2226 5.
1077 2196 1103 2217 1⁰
1125 2196 1227 2226 ‘with
1251 2197 1308 2226 the
1332 2198 1483 2233 greatest
1504 2195 1570 2225 ele—

885 2242 1015 2280 gance.’
1045 2241 1095 2271 Cf.
1105 2242 1162 2271 the
1173 2250 1263 2270 noun
1273 2242 1446 2271 munditia
1460 2240 1506 2278 (p.
1516 2241 1567 2276 29,

885 2296 918 2316 n.
940 2288 1002 2324 10),
1023 2287 1132 2316 which
1147 2299 1176 2310 =
1192 2286 1234 2322 (1)
1263 2285 1463 2321 ‘neatness,'
1486 2285 1568 2315 then

890 2331 936 2370 (2)
960 2331 1159 2369 ‘elegance.’
1202 2330 1228 2351 11
1251 2330 1353 2360 ‘with
1377 2331 1434 2359 the
1458 2332 1570 2368 great-

886 2379 937 2407 est
960 2376 1152 2406 elearness!
1193 2375 1246 2406 Cf.
1268 2375 1350 2412 luce,
1366 2383 1398 2412 p.
1414 2375 1463 2411 29,
1479 2374 1503 2404 l.
1519 2375 1567 2406 17.

886 2420 914 2442 ¹2
935 2419 1174 2456 ‘unadorned,'
1189 2420 1244 2450 i.e.
1262 2419 1395 2456 artless‚
1417 2419 1567 2450 natural.
