1734 2600
604 148 788 183 NOCTES
814 147 1041 190 ATTICAE,
1072 149 1136 183 XI.
1167 149 1189 183 9
1547 151 1599 190 69

832 281 965 320 ΧΙ.9

196 368 349 399 Historia
362 368 404 399 de
419 367 542 407 legfitIs
560 366 714 399 Milesisl
732 370 771 399 fic
788 368 1016 399 Demosthene
1037 368 1171 398 rhetore
1192 367 1228 397 in
1246 367 1344 398 libris
1365 367 1532 398 Critolaw

827 420 973 456 reperta.

263 494 469 535 Critolaus
499 494 668 546 scripsit
698 494 856 544 legates
890 494 1039 533 Milete
1071 494 1287 545 publicae³
1313 501 1375 533 rei
1407 501 1531 534 cause

195 559 360 599 venisse
396 558 586 598 Athenas
628 558 851 610 (fortasse4
887 571 941 597 an
979 558 1133 598 dixerit
1172 559 1321 597 auxilii
1359 560 1532 610 petendi

196 623 361 677 gratia).
418 624 525 662 Tum
545 630 620 674 qui
638 629 712 674 pre
737 630 826 662 sese
849 623 976 662 verba
1000 623 1214 672 facerent,5
1239 630 1342 674 ques
1368 625 1532 663 visum⁶
1580 632 1598 659 5

196 691 296 737 erat,
324 687 612 738 advocavisse3
647 688 882 737 advocatos,
911 691 977 726 uti
1006 691 1096 726 erat
1123 688 1378 737 mandatum,
1406 689 1532 727 verba

196 759 271 803 pre
286 752 465 791 Milesiis
481 752 534 791 ad
548 752 749 803 populum
763 752 927 801 fecisse,
944 752 1254 791 Demosthenen
1270 752 1531 792 Milesierum

196 817 418 868 postulatis
442 817 594 856 acriter
617 817 890 867 respondisse,
911 829 1045 868 neque
1072 817 1261 856 Milesies
1289 816 1446 856 auxilie
1475 818 1532 856 di-

196 887 298 931 gnes
326 893 461 932 neque
487 893 539 920 ex
566 880 803 932 republica⁷
831 880 902 920 idss
928 893 1017 920 esse
1046 881 1332 920 contendisse:
1373 893 1458 919 rem
1487 882 1532 919 in

196 949 409 996 posterum
447 945 557 984 diem
594 944 829 996 prelatam.⁹
904 946 1083 995 Legetes
1126 946 1180 984 ad
1221 946 1531 984 Demosthenen

196 1010 360 1049 venisse
380 1016 611 1060 magneque
635 1022 757 1061 opere
781 1016 932 1059 erasse,
952 1014 1017 1049 uti
1027 1009 1053 1031 ¹⁰
1075 1014 1220 1048 contra
1244 1016 1296 1048 ne
1307 1009 1334 1031 ¹⁰
1352 1011 1530 1061 diceret;

197 1086 291 1113 eum
311 1074 530 1125 pecuniam
549 1074 749 1125 petivisse
769 1078 811 1114 et
835 1078 1034 1126 quantam
1062 1078 1270 1125 petiverat
1295 1075 1529 1114 abstulisse.

197 1139 418 1188 Postridie,
447 1151 541 1178 cum
571 1145 637 1178 res
667 1146 736 1189 agi
765 1138 940 1178 denuell
967 1143 1113 1190 coepta
1141 1143 1262 1188 esset,
1292 1139 1534 1179 Demosthe-

197 1209 291 1252 nen,
312 1202 447 1242 lanam
465 1203 599 1242 multe
624 1203 777 1242 collum
803 1210 1066 1254 cervicesque
1095 1204 1454 1253 circumvolutum,
1480 1206 1533 1244 ad

197 1267 396 1319 populum
417 1267 604 1319 predisse
624 1272 667 1307 et
686 1268 853 1317 dixisse,
876 1274 919 1307 se
939 1268 1181 1319 synanchen
1195 1267 1221 1290 ¹³
1243 1272 1343 1319 pati,
1369 1275 1416 1308 ee
1442 1281 1534 1308 con-

197 1335 264 1371 tre
282 1332 470 1372 Milesies
490 1332 606 1383 loqui
624 1338 708 1372 nen
727 1339 856 1384 quire.
911 1334 1019 1371 Tum
1039 1339 1061 1371 e
1081 1333 1234 1384 popule
1253 1340 1383 1371 unum
1403 1334 1534 1373 exele?

198 1402 344 1446 messe,
364 1403 448 1436 nen
467 1398 705 1447 synanchen,
725 1397 838 1448 quod
846 1396 873 1418 ¹4
890 1397 1194 1437 Demosthenes
1214 1401 1438 1448 pateretur,
1460 1399 1534 1438 sed

1562 953 1600 982 10

1563 1278 1600 1307 15

133 1469 137 1471 ⁴
199 1460 503 1512 aryyranchenss
521 1474 621 1501 esse.

266 1526 362 1576 Ipse
382 1525 507 1565 etiam
527 1526 842 1575 Demosthenes,
862 1530 911 1565 ut
930 1526 1040 1565 idem
1061 1526 1270 1566 Critolaus
1290 1527 1432 1576 refert,
1448 1534 1533 1566 nen

199 1588 244 1628 id
270 1594 415 1640 postca
441 1590 694 1641 concelavit3
724 1597 828 1642 quin
841 1589 867 1612 ¹⁶
893 1590 1050 1642 gleriae
1063 1590 1088 1613 ¹⁷
1114 1603 1278 1642 quoque
1307 1591 1386 1648 hoc
1415 1592 1495 1631 sibi
1507 1591 1534 1614 ¹⁷
1562 1601 1601 1630 20

266 1718 279 1741 1
296 1733 326 1744 =
344 1719 498 1756 Milesiis,
518 1720 541 1750 1.
557 1721 586 1751 7.
628 1720 681 1751 Cf.
699 1721 880 1759 principis,
916 1720 931 1742 ⁹
951 1721 1181 1759 ‘postponed.'

198 1774 231 1803 p.
250 1766 299 1802 27,
319 1766 342 1795 1.
364 1767 411 1795 19.
460 1766 598 1796 Miletus
622 1775 693 1796 was
721 1775 742 1796 a
770 1766 882 1797 Greek
917 1766 945 1788 11
968 1767 1106 1797 ‘anew.’

198 1810 268 1848 city
286 1811 320 1840 in
336 1811 428 1847 Asia,
448 1819 531 1841 near
550 1811 609 1842 the
629 1812 747 1841 mouth
767 1812 804 1841 of
823 1812 881 1842 the

199 1855 290 1885 river
303 1856 497 1887 Maeander.
530 1855 545 1876 2
556 1856 586 1886 A
596 1857 731 1887 famous
747 1857 882 1895 Peripa-

1243 1720 1270 1742 10
1294 1721 1347 1752 Cf.
1376 1731 1409 1760 p.
1434 1722 1484 1759 31,
1509 1731 1543 1752 n.
1568 1723 1597 1753 2.

1155 1765 1182 1787 12
1201 1765 1290 1797 lane.
1311 1788 1319 1796 .
1344 1789 1351 1795 .
1376 1789 1383 1796 .
1405 1765 1601 1798 circumvo-

914 1811 1051 1842 ll'ltum:
1080 1811 1185 1842 ‘with
1206 1812 1259 1842 his
1281 1812 1368 1843 neck
1392 1813 1459 1842 and
1483 1813 1600 1843 throat

915 1857 1099 1895 enveloped
1120 1858 1155 1886 in
1176 1866 1281 1896 many
1301 1857 1391 1888 folds
1412 1859 1449 1887 of
1468 1859 1599 1888 woolen

199 1900 281 1930 tetic
296 1901 510 1939 philosopher
528 1901 564 1931 of
584 1902 642 1932 the
662 1902 785 1932 second
805 1911 881 1932 cen-

199 1946 280 1982 tury
294 1953 374 1981 B.C.‚
392 1946 476 1975 born
491 1949 527 1975 at
541 1946 694 1976 Phaselis
711 1946 746 1976 in
763 1947 877 1985 Lycia.

198 1987 213 2009 ⁸
225 1988 390 2026 publicae
403 1990 459 2020 rei
471 1992 596 2021 causi:
616 1991 624 2005 ‘
635 2000 678 2021 on
693 2000 784 2022 some
798 1993 880 2029 pub-

198 2033 243 2064 lic
257 2035 431 2065 business!
466 2034 480 2055 4
493 2034 650 2066 fortasse
665 2043 713 2066 an
726 2035 876 2067 dixerit:

200 2079 208 2094 ‘
219 2080 261 2110 he
274 2089 355 2119 may
368 2081 514 2119 perhaps
532 2081 619 2111 have
637 2082 736 2111 said.'
776 2081 828 2111 Cf.
845 2091 877 2119 p.

197 2125 247 2162 54,
262 2134 296 2155 n.
312 2127 360 2156 14.
401 2125 415 2147 ⁵
433 2126 649 2165 subjunctive
671 2135 709 2157 as
729 2136 880 2165 express-

199 2169 258 2208 ing
289 2171 347 2201 the
379 2180 523 2209 purpose
559 2172 597 2201 of
632 2170 876 2203 advocavisse.

199 2214 214 2236 ὅ
226 2215 320 2245 With
333 2216 451 2246 visum
470 2218 551 2247 erat
569 2226 614 2247 sc.
629 2219 677 2247 eis
691 2219 877 2255 advocare,-

199 2268 238 2290 as
263 2261 321 2291 the
347 2262 480 2300 subject
506 2262 543 2291 of
569 2261 802 2293 advocavisse
830 2272 876 2294 sc.

199 2305 358 2336 Milesios.
411 2305 605 2337 advooites
631 2321 661 2331 =
686 2310 743 2338 ‘eos
770 2309 830 2346 qui
857 2318 877 2339 a

200 2349 342 2381 Milesiis
357 2352 512 2382 advocati
525 2356 647 2383 essent.
689 2352 701 2374 ⁷
715 2353 768 2383 Cf.
782 2363 814 2392 p.
828 2355 877 2390 30,

199 2403 233 2424 n.
254 2396 284 2426 7.
338 2395 351 2417 ⁸
367 2409 396 2420 =
414 2396 557 2428 Milesiis
585 2398 757 2428 auxilium
785 2399 877 2429 dare.

914 1903 1031 1932 cloth.’
1069 1903 1156 1933 How
1169 1902 1346 1941 literally?
1383 1901 1517 1932 collum
1532 1904 1598 1933 and

914 1948 1082 1984 cervices,
1127 1948 1319 1986 modifying
1363 1946 1600 1978 circumvolu-

912 1993 1003 2030 tum,
1025 2001 1083 2023 are
1105 1993 1279 2031 examples
1300 1993 1337 2023 os
1356 1994 1414 2024 the
1438 1994 1598 2024 so-called

914 2037 1026 2068 Greek
1056 2038 1250 2068 accusative
1284 2039 1321 2068 of
1354 2039 1597 2077 specification.

913 2083 994 2113 This
1016 2084 1249 2113 construction
1273 2084 1302 2113 is
1326 2088 1416 2114 most
1441 2085 1598 2123 frequent

913 2128 948 2157 in
975 2131 1095 2166 poetry
1118 2128 1186 2158 and
1214 2129 1460 2166 post-classica]
1487 2139 1596 2167 prose.

914 2172 942 2193 13
963 2173 1129 2211 ‘quinsy,’
1153 2173 1246 2203 ‘sore
1268 2175 1410 2204 throat.’
1455 2174 1484 2195 1⁴
1503 2174 1598 2212 quod

913 2239 921 2248 .
933 2239 941 2248 .
953 2240 960 2248 .
970 2218 1161 2256 pateremur
1175 2231 1205 2242 =
1221 2219 1228 2233 ‘
1238 2219 1291 2249 his
1305 2220 1514 2258 complaint,’
1530 2220 1597 2250 and

913 2263 942 2294 is
956 2264 1089 2303 subject
1102 2264 1140 2294 of
1153 2271 1243 2294 esse.
1285 2263 1313 2285 15
1334 2266 1548 2302 aryyranche
1564 2278 1593 2289 =

915 2309 1037 2339 ‘silver
1057 2310 1204 2348 quinsy,'
1223 2309 1252 2339 is
1274 2310 1406 2340 formed
1427 2311 1519 2340 after
1540 2311 1598 2340 the

913 2354 1061 2393 analogy
1083 2355 1120 2385 ot
1146 2355 1332 2392 synanche.
1388 2355 1416 2376 16
1438 2368 1468 2379 =
1492 2356 1598 2386 immo

913 2407 1002 2436 vero,
1019 2400 1130 2438 ‘nay.'
1172 2399 1198 2421 1⁷
1218 2401 1345 2430 dative.
