1734 2600
157 160 209 199 56

160 861 198 891 10

160 1181 197 1211 15

161 1827 199 1857 25

658 158 820 193 AULUS
851 158 1057 193 GELLIUS

227 273 387 312 leonem
434 272 572 311 refert.
640 274 747 311 Tum
784 272 904 323 quasi
951 276 1095 312 mutua
1130 273 1408 324 recognitione
1447 274 1560 313 faeta

226 337 356 376 laetos
371 337 394 357 ’'
423 337 561 388 inquit
591 340 614 361 “
627 340 669 376 613
702 337 1024 387 gratulabundos
1062 338 1223 377 videres
1239 337 1252 359 ¹
1279 338 1489 377 hominem
1517 341 1559 377 613

227 401 426 440 leonem.''

293 466 356 504 Ea
374 472 418 504 re
441 472 608 516 prorsus
636 469 723 504 tam
752 466 987 504 admirabili
1014 466 1214 506 maximos
1243 466 1387 517 populi
1415 466 1560 505 clamo-

226 536 291 568 res
321 529 521 569 excitatos
551 528 682 579 dicit?
709 530 1058 581 accersitumque³
1082 537 1107 569 a
1131 531 1174 570 O.
1201 531 1373 570 Caesare
1402 530 1561 568 Andro-

227 594 336 631 clum
365 597 676 645 quaesibamque
705 606 882 643 oausam,
903 606 975 632 our
1003 594 1068 632 illi
1096 594 1375 634 atrocissimus
1399 594 1464 633 leo
1486 600 1561 632 uni

227 657 455 708 parsisseb.⁴
509 657 576 697 Ibi
614 658 847 697 Androclus
885 670 971 696 rem
1008 658 1225 697 mirificam
1261 661 1410 697 narrati
1436 661 1559 708 atque

228 722 523 760 admirandam.
583 722 722 762 “Cum
748 722 1004 773 provinciam
1017 723 1040 742 ⁷⁷
1061 722 1198 773 inquil:
1218 715 1443 761 “A—&frictam
1473 728 1562 773 pro-

228 786 434 825 consulari
462 786 636 837 imperio
668 799 783 826 meus
817 786 1007 826 dominus
1041 787 1256 836 obtineret,
1288 799 1362 836 ego
1398 786 1454 826 sbi
1487 786 1562 825 ini-

229 857 320 901 quis
342 850 429 889 eius
450 854 492 889 613
511 850 729 890 eotidianis
749 850 1014 890 verberibus⁶
1033 851 1086 889 ad
1105 851 1247 900 fugam
1277 864 1368 890 sum
1396 854 1559 890 coaetus

229 918 281 964 et,
302 918 349 953 ut
368 915 473 953 mihi
492 921 517 954 a
536 915 713 964 domino,
734 918 868 954 terrae
893 915 1008 955 illius
1037 915 1238 966 praeside,
1259 915 1434 954 tutiores
1462 915 1561 954 late-

228 978 351 1018 brae⁶
369 979 519 1028 forent,
539 979 584 1017 in
603 979 865 1030 camporum⁷
889 983 930 1018 613
953 985 1168 1018 arenarum
1198 979 1442 1018 solitudines
1471 991 1561 1018 con-

229 1050 335 1083 cessi
353 1050 411 1092 ao,
432 1050 468 1082 si
487 1043 692 1083 defuissetz
721 1043 849 1093 cibus,
870 1043 1088 1083 eonsilium
1114 1043 1197 1082 fuit
1225 1047 1399 1082 mortem
1422 1043 1561 1094 aliquo

228 1111 350 1159 paeto
386 1119 591 1158 quaerere.
649 1109 756 1146 Tum
793 1107 904 1147 sole⁸
935 1108 1106 1147 medi6”
1139 1107 1278 1158 inquit
1309 1107 1488 1146 “rabido
1520 1110 1562 1146 613

228 1172 422 1221 flagranti
454 1171 647 1223 speoum⁹
678 1172 886 1222 quandam
918 1175 1093 1211 nanetus
1107 1171 1133 1193 ¹⁰
1159 1175 1358 1210 remotam
1390 1171 1563 1210 latebro-

230 1235 440 1287 samque,1¹
459 1237 504 1275 in
523 1249 614 1275 eam
639 1243 704 1275 me
717 1235 743 1257 ¹²
761 1240 931 1287 penetro
950 1240 992 1275 613
1010 1237 1196 1275 recondo.
1253 1236 1401 1286 Neque
1429 1235 1562 1275 multo

229 1304 324 1352 post
361 1301 414 1339 ad
450 1301 623 1340 eandem
660 1313 828 1351 specum
864 1300 982 1339 venit
1017 1300 1084 1339 hio
1122 1301 1198 1350 leo,
1237 1300 1365 1339 debili
1400 1306 1483 1339 uno
1519 1303 1562 1338 613

230 1369 398 1404 cruento
417 1366 534 1416 pede,
556 1365 733 1415 gemitus
754 1365 878 1404 edens
899 1369 941 1404 613
959 1377 1181 1414 murmura,
1202 1364 1383 1403 dolorem
1412 1364 1563 1403 erucia-

230 1435 400 1481 ‘cumque
437 1430 623 1469 vulneris
661 1428 1070 1469 commiserantia.¹³''
1126 1429 1266 1479 Atque
1303 1428 1390 1467 illie
1428 1434 1562 1479 primo

231 1495 398 1546 quidem
435 1498 659 1545 conspectu
695 1494 956 1533 advenientis
1004 1493 1134 1533 leonis
1173 1493 1364 1532 territum
1404 1492 1484 1532 sibi
1520 1495 1563 1531 613

230 1559 495 1611 pavefactum
533 1559 717 1597 animum
754 1558 873 1597 dixit.
933 1561 956 1581 “
970 1558 1052 1597 Sed
1088 1561 1308 1608 postquam
1345 1557 1563 1606 introgres-

231 1624 338 1664 sus'⁷
366 1623 504 1674 inquit
534 1627 557 1646 “
569 1623 645 1672 leo,
666 1622 768 1661 uti¹⁴
794 1629 838 1661 16
862 1622 955 1673 ipsa
983 1622 1187 1673 apparuit,
1208 1622 1252 1659 in
1279 1621 1562 1660 habitaculum

230 1689 338 1727 illud
374 1701 506 1736 suum,
543 1687 659 1726 videt
696 1694 761 1726 me
798 1687 940 1737 procul
980 1685 1332 1735 delitescentem,¹⁵
1367 1685 1482 1724 mitis
1520 1688 1563 1724 613

230 1759 421 1792 mansues
434 1751 461 1773 ¹⁶
488 1751 661 1791 accessit
680 1755 722 1790 et
741 1751 950 1790 sublatum
979 1751 1126 1801 pedem
1154 1750 1369 1790 ostendere
1397 1749 1502 1788 mihi
1521 1752 1563 1788 et

230 1823 401 1868 porgere
414 1815 439 1838 ¹⁷
476 1816 595 1866 quasi
632 1815 722 1866 opis
759 1815 961 1866 petendae
1001 1815 1134 1864 gratia
1169 1821 1284 1853 visus
1325 1817 1398 1853 est.
1456 1813 1522 1853 Ibi
1537 1813 1561 1833 ''

230 1881 369 1932 inquit
389 1884 499 1929 “ego
523 1879 694 1930 stirpem
723 1879 944 1929 ingentem,
965 1878 1142 1928 vestigio
1154 1877 1181 1900 ¹⁸
1207 1878 1325 1929 pedis
1354 1877 1443 1917 eius
1471 1877 1564 1916 hae-

230 1998 243 2020 1
265 1999 273 2013 ⁴
285 2007 347 2029 one
372 1998 481 2036 might
505 1998 592 2027 have
612 1997 715 2027 seen.'
756 1996 770 2017 ⁹·
791 1996 842 2027 Se.
880 1997 1075 2034 nanciscor)
1095 1997 1103 2012 ⁴
1116 1996 1244 2035 having
1257 1995 1432 2034 happened
1447 1994 1560 2034 upon.'

163 2044 283 2082 Apion.
324 2043 338 2064 3
354 2043 592 2073 ‘summoned'
630 2043 669 2072 In
692 2041 843 2072 Caesare
880 2041 908 2063 11
929 2042 1106 2072 ‘screened
1121 2042 1211 2072 from
1226 2040 1466 2071 observation.’
1508 2039 1561 2070 Cf.

162 2090 220 2119 the
253 2089 424 2119 reference
464 2089 493 2118 is
526 2091 562 2117 to
595 2088 653 2118 the
690 2088 845 2125 reigning
880 2087 1040 2124 latebrae,
1068 2088 1091 2117 1.
1119 2088 1167 2116 12.
1222 2085 1250 2108 12
1269 2086 1326 2116 1115
1357 2083 1509 2123 penetro
1530 2097 1560 2108 =

162 2143 327 2172 emperor,
337 2134 503 2172 probably
513 2133 686 2164 Claudius.
721 2132 735 2153 4
755 2133 843 2162 from
881 2134 1035 2169 penetro,
1071 2139 1116 2161 an
1155 2129 1291 2160 archaia
1323 2129 1568 2159 construction.

158 2188 274 2218 pareo.
300 2178 519 2217 ⁵‘beatings.·
547 2177 842 2216 “muling-place!
880 2176 908 2198 1⁸
930 2176 1145 2214 ‘evincing’;
1186 2175 1348 2214 literally,
1387 2174 1564 2213 ‘pitying.'

163 2224 176 2245 ⁷
196 2224 248 2254 Cf.
273 2234 306 2262 p.
335 2225 384 2260 55,
414 2233 447 2253 n.
478 2225 506 2253 3.
559 2223 572 2244 8
592 2223 630 2252 In
664 2222 740 2253 ⁸510
763 2245 770 2251 .
799 2245 806 2252 .
836 2244 843 2251 .
880 2221 1009 2252 Gellius
1029 2221 1058 2251 is
1075 2221 1158 2250 fond
1172 2221 1208 2250 of
1224 2223 1344 2258 strong
1357 2220 1558 2258 metaphora

161 2267 333 2308 flagranti
369 2270 464 2299 there
501 2269 530 2298 is
568 2277 588 2298 a
624 2267 772 2297 mixture
809 2268 845 2297 of
880 2266 908 2288 14
927 2267 1005 2297 Join
1039 2266 1122 2296 with
1157 2264 1405 2296 habitaculum
1445 2272 1562 2295 suum.

163 2314 266 2343 ideas.
298 2313 391 2343 With
402 2311 609 2349 medi0,86le
623 2325 652 2336 =
668 2313 740 2349 die,·
763 2312 845 2342 with
881 2311 909 2333 1⁵
931 2311 1088 2349 ‘seeking
1106 2313 1142 2340 to
1162 2310 1264 2340 hide.’
1306 2309 1334 2331 1⁶
1354 2309 1488 2341 archaic
1509 2310 1565 2339 for

162 2358 281 2389 rabido
296 2361 327 2388 et
342 2359 524 2396 flagranti,
541 2358 568 2387 it
582 2359 644 2388 has
659 2358 704 2388 its
724 2366 846 2396 proper
880 2359 1092 2393 mansuetus,
1113 2356 1121 2370 ‘
1132 2355 1248 2386 tame.’
1289 2354 1317 2376 17
1333 2367 1363 2379 =
1375 2354 1562 2393 porriqere,

162 2411 259 2434 sense
273 2403 310 2434 ot
331 2403 434 2434 ‘sum’
485 2403 499 2425 ⁹
518 2403 526 2418 ⁴
540 2403 647 2434 cave.’
689 2402 718 2424 10
743 2403 846 2441 (from
883 2401 1028 2432 ‘stretch
1042 2400 1126 2431 out.’
1169 2399 1196 2422 18
1217 2399 1329 2430 ‘sole.’
