1734 2600
572 140 758 174 NOCTES
789 139 1017 179 ATTICAE,
1044 140 1125 172 XV.
1154 139 1196 171 18

179 269 325 298 canere
344 256 472 304 tibiis,
489 255 602 306 quod
619 253 960 293 honestissimum
982 257 1072 292 tum
1092 252 1324 300 videbatur,
1341 252 1518 301 doceret,

179 319 383 362 traditas¹
401 319 481 359 sibi
508 318 646 367 tibias,
667 331 760 357 cum
789 318 842 356 ad
870 324 914 356 os
943 314 1204 356 adhibuisset
1237 316 1534 367 inflassetques

180 385 427 437 pudefactus
457 383 539 429 oris
569 381 859 421 deformitate²
878 381 1029 420 abiecit
1048 380 1314 431 infregitque.
1372 381 1436 418 Ea
1454 386 1520 418 res

181 462 275 489 eum
302 446 633 500 percrebuisset,3
652 446 837 484 omnium
855 449 946 484 tum
969 444 1294 484 Atheniensium
1317 450 1521 484 consensa

181 512 404 564 disciplina
422 511 538 551 tibiis
558 510 735 550 canendi
754 510 890 549 desita
909 514 984 549 est.

762 672 854 712 XV.
876 672 939 711 18.

182 769 280 805 Quod
294 768 431 808 pfigna4
443 768 527 799 belli
541 767 653 798 civilis
668 767 878 805 victoriaque
893 766 958 797 Gai
971 766 1139 803 Caesaris,
1155 774 1257 804 quam
1271 765 1354 796 vicit
1368 765 1403 795 in
1418 765 1523 795 Phar—

246 819 341 850 saliis
373 819 514 856 campis,
542 817 702 847 nfintifita
731 817 973 854 praedictaque
1002 819 1054 860 est
1082 825 1142 853 per
1169 815 1359 853 ofiiuspiam
1386 814 1523 845 Corneli

246 868 433 899 sacerdotis
448 867 649 897 vaticinium
658 866 673 887 ⁵
685 866 802 897 eodem
813 866 887 904 ipss)
900 866 954 896 die
969 866 1004 895 in
1019 865 1120 896 Italia
1134 865 1285 895 Patavi.⁶

248 947 338 994 Quo
357 947 399 987 C.
422 947 574 986 Caesar
593 949 635 984 et
655 945 727 985 Cn.
749 945 974 996 Pompeius
1001 945 1068 983 die
1096 957 1170 995 per
1183 945 1194 965 ⁷
1214 944 1337 982 civile
1365 943 1522 982 bellum

130 1064 133 1066 q
183 1018 314 1062 signis
341 1010 518 1050 conlatis
546 1009 591 1048 in
619 1009 838 1049 Thessalia
865 1009 1154 1057 eonflixerunt‚
1176 1015 1242 1047 res
1270 1008 1423 1047 accidit
1447 1009 1523 1046 Pa-

183 1083 274 1118 tavi
300 1079 345 1117 in
374 1077 657 1128 transpadana
694 1067 822 1113 italia
857 1080 1078 1112 memorari
1110 1074 1247 1123 digna.
1305 1072 1522 1112 Cornelius

1536 140 1589 180 79

1555 1019 1591 1047 10

183 1143 353 1194 quidam
369 1142 569 1190 sacerdos,
583 1145 626 1179 et
644 1140 734 1178 loco
753 1138 906 1177 nobilis
922 1142 965 1176 et
985 1138 1207 1177 sacerdotii
1218 1136 1232 1158 ⁸
1251 1137 1522 1186 religionibus
1554 1155 1566 1177 ς

183 1207 442 1246 venerandus
457 1209 499 1245 et
514 1204 708 1244 castitate
723 1207 835 1241 vitae
853 1206 1032 1251 sanetus,
1047 1206 1217 1252 repente
1229 1200 1243 1223 ⁹
1257 1205 1370 1240 mota
1384 1206 1522 1239 mente

183 1271 419 1322 conspicere
438 1276 483 1309 se
501 1268 645 1320 procul
665 1267 774 1307 dixit
797 1273 980 1317 psignam
1003 1266 1245 1305 acerrimam
1265 1271 1454 1316 pflgnari‚
1475 1271 1522 1303 ae

184 1335 333 1374 deinde
370 1335 473 1374 alios
511 1334 667 1381 cedere,
702 1331 806 1371 alios
843 1337 1002 1380 urgere,
1033 1330 1212 1379 eaedem,
1247 1330 1403 1379 fugam,
1437 1329 1524 1368 tela

184 1398 381 1448 volantia,
393 1397 739 1437 instaurationem
750 1395 777 1416 ¹⁰
788 1402 963 1446 pfignae‚
975 1393 1317 1445 inpressionem‚¹¹
1330 1394 1520 1443 geminis,

185 1463 369 1511 vulnera,
388 1462 562 1513 proinde
591 1465 639 1500 ut
668 1467 704 1500 si
732 1460 822 1511 ipse
851 1459 897 1497 in
925 1459 1083 1510 proelio
1111 1463 1359 1507 versaretur,
1385 1465 1527 1506 coram

185 1526 327 1565 videre
357 1533 446 1566 sese
476 1525 731 1564 vociferatus
762 1527 826 1563 est
854 1529 902 1562 ae
930 1527 1076 1574 postea
1104 1523 1242 1562 subito
1272 1522 1523 1561 exclamavit

186 1591 404 1630 Caesarem
422 1589 583 1629 vicisse.

251 1655 315 1693 Ea
346 1654 529 1694 Cornelii
563 1652 788 1692 sacerdotis
821 1651 1038 1691 ariolati6⁵
1066 1651 1171 1690 levis
1184 1650 1211 1672 ¹²
1234 1655 1325 1690 tum
1354 1651 1523 1701 quidem

185 1725 276 1758 visa
298 1722 361 1758 est
380 1723 422 1757 et
440 1717 626 1757 vecors.¹³
679 1718 857 1766 Magnae
869 1715 895 1737 ¹⁴
913 1728 1010 1754 mox
1029 1715 1296 1754 admirationi
1316 1715 1411 1763 fuit,
1428 1729 1524 1766 quo-

184 1783 298 1822 niam
324 1789 409 1822 non
435 1782 557 1821 modo
585 1788 748 1832 pfignae
777 1780 879 1829 dies,
900 1779 1070 1831 quaein
1093 1779 1312 1819 Thessalia
1339 1784 1524 1830 pfignata

185 1850 261 1896 est,
280 1859 414 1898 neque
442 1846 591 1898 proelii
618 1845 769 1895 exitus,
790 1851 864 1896 qui
891 1847 982 1883 erat
1008 1844 1258 1895 praedictus,
1286 1844 1397 1882 idem
1425 1844 1521 1894 fuit,

1555 1342 1592 1369 15

1554 1662 1593 1690 20

254 1978 267 2000 1
283 1992 314 2004 =
328 1987 415 2017 quae
430 1979 579 2009 traditae
596 1981 707 2008 erant.
747 1976 763 1998 ²
782 1977 871 2008 Alci-

185 2024 303 2055 biades
316 2024 471 2063 objected
485 2027 521 2054 to
534 2024 663 2062 having
676 2023 729 2053 his
742 2023 870 2061 beauty

187 2069 257 2107 (for
279 2069 389 2099 which
409 2069 451 2100 he
474 2077 546 2099 was
566 2068 714 2105 famous)
740 2067 870 2105 spoiled

185 2114 232 2152 by
254 2115 312 2145 the
334 2114 441 2153 pipes.
480 2113 496 2135 8
517 2114 674 2144 ‘became
694 2112 870 2151 generally

185 2159 335 2190 known!
375 2159 390 2180 4
409 2159 479 2189 The
499 2159 608 2189 battle
628 2158 666 2188 of
686 2158 870 2188 Pharsalus

186 2204 222 2234 in
239 2204 413 2243 Tbessaly,
425 2204 547 2243 fought
561 2204 596 2234 in
609 2204 650 2234 48
663 2211 733 2233 n.c.
774 2203 871 2233 Pom-

186 2258 252 2287 pey
265 2258 335 2279 was
348 2249 506 2280 defeated
520 2249 588 2279 and
603 2248 670 2279 fled
686 2251 723 2278 to
743 2248 869 2286 Egypt,

186 2295 298 2324 where
330 2295 372 2324 he
399 2303 469 2324 was
495 2294 687 2324 murdered.
740 2292 755 2315 ⁵
776 2294 784 2308 ‘
796 2302 871 2331 pro-

186 2339 318 2377 phoey.’
349 2338 364 2360 ⁶
377 2339 385 2353 ‘
396 2342 433 2369 at
445 2338 650 2375 Patavium,’
661 2339 719 2368 the
730 2338 869 2368 modern

186 2383 314 2421 Padua,
325 2392 409 2415 near
418 2383 553 2414 Venice.
589 2383 603 2405 ⁷
617 2384 624 2398 ‘
638 2383 673 2413 in
682 2384 740 2414 the
751 2392 871 2413 course

906 1977 966 2007 os!
1008 1977 1021 1998 8
1037 1975 1231 2006 sacerdotii
1243 1974 1497 2015 religissnibus:
1515 1977 1523 1991 ‘
1534 1977 1593 2007 the

904 2022 1181 2061 scrupulousness
1191 2022 1227 2052 of
1240 2022 1293 2051 his
1304 2022 1523 2059 priesthood‚'
1536 2022 1592 2052 i.e.

905 2069 962 2098 the
988 2077 1067 2098 care
1089 2068 1173 2098 with
1197 2067 1308 2097 which
1332 2067 1374 2097 he
1397 2068 1593 2105 performed

904 2113 949 2143 its
978 2113 1101 2143 duties.
1155 2112 1170 2134 9
1187 2112 1337 2150 repent&
1366 2135 1373 2142 .
1406 2134 1414 2141 .
1444 2135 1452 2142 .
1481 2111 1590 2143 dixit:

906 2159 913 2173 ‘
925 2158 1092 2196 suddenly
1105 2158 1243 2188 became
1255 2158 1404 2195 inspired
1415 2158 1482 2188 and
1494 2159 1593 2195 said,’

904 2207 968 2234 ete.
1010 2204 1106 2233 With
1132 2203 1234 2234 mota
1258 2204 1378 2233 mente
1399 2212 1446 2233 sc.
1466 2212 1488 2233 a
1509 2204 1592 2234 deis.

906 2247 933 2269 1⁰
954 2249 962 2262 ‘
974 2247 1142 2278 renewal.’
1207 2247 1234 2268 11
1266 2261 1295 2271 =
1325 2249 1502 2284 impetum,
1552 2249 1561 2263 ‘
1573 2256 1594 2278 a

905 2293 1053 2331 charge!
1092 2292 1122 2313 12
1136 2294 1143 2307 ⁶
1155 2293 1294 2322 trivial!
1337 2293 1365 2313 13
1383 2294 1390 2307 ‘
1402 2293 1593 2324 senseless!

905 2337 934 2358 ¹4
946 2337 1100 2376 Hagnae
1113 2360 1120 2366 .
1136 2360 1143 2367 .
1158 2360 1165 2367 .
1178 2336 1266 2368 fuit:
1292 2338 1299 2352 ⁴
1313 2339 1487 2377 presently
1499 2339 1595 2370 there

905 2391 976 2413 was
989 2386 1088 2421 great
1102 2383 1377 2413 astonishment)
