1734 2600
648 154 809 189 AULUS
841 155 1047 188 GELLIUS

215 266 389 318 probare
424 267 674 308 videbantur
711 269 824 308 diota
850 269 1045 319 factaque
1075 268 1162 308 eius
1195 267 1392 319 pleraque
1424 267 1550 307 admi-

216 331 356 370 randa.
413 332 480 370 Ex
516 333 666 383 quibus
704 337 768 372 est
804 339 933 371 sinum
973 332 1267 372 huiuscemodi.
1324 331 1549 371 Assidebat

217 396 564 447 oppugnabatque
593 396 791 447 oppidum
813 396 859 434 in
883 396 1093 447 Hispania
1122 396 1218 446 situ,
1237 396 1464 445 moenibus,
1485 395 1551 434 de-

217 460 452 500 fensoribus
480 461 665 499 validum
694 465 736 499 et
764 464 983 510 munitum,
1013 467 1056 499 re
1085 460 1210 499 etiam
1238 460 1392 499 cibaria
1419 459 1551 510 copio-

147 530 167 561 5
218 537 321 574 sum,
341 524 539 575 nullaque
559 524 646 564 eius
675 524 869 575 potiundi
898 531 991 575 spes
1021 528 1120 574 erat,
1141 528 1183 563 et
1202 524 1380 575 quodam
1399 523 1466 562 die
1485 523 1550 563 ius

217 588 263 627 in
291 592 439 628 castris
468 589 616 628 sedens
650 589 812 628 dicebat
845 592 970 639 atque
1002 601 1054 627 ex
1085 595 1132 628 eo
1164 588 1253 627 loco
1281 588 1326 626 id
1352 587 1550 638 oppidum

217 653 361 704 procul
389 653 610 692 visebatur.
667 654 774 691 Tum
803 652 848 691 el
876 652 1093 702 militibus,
1123 659 1196 703 qui
1222 652 1267 690 in
1298 651 1412 690 iure²
1441 651 1552 702 apud

218 729 313 756 eum
351 717 530 767 stabant,
559 717 833 766 interrogavit
870 717 1077 768 quispiam
1115 729 1167 755 ex
1202 722 1326 765 more,
1354 715 1400 754 in
1428 727 1551 766 quem

219 781 329 820 diem
354 781 571 832 locumque
592 781 900 820 vadimonium³
918 781 1109 831 promitti
1133 780 1313 819 iuberet:
1346 783 1388 818 et
1415 779 1552 830 Scipio

219 858 387 885 manum
416 846 469 884 ad
495 845 630 896 ipsam
663 845 817 896 oppidi,
847 845 959 896 quod
990 844 1267 893 obsidebatur,
1298 855 1432 882 arcem
1464 849 1553 894 pro-

218 910 406 959 tendens,
429 909 700 948 “Ferendus''
713 909 727 931 ⁴
749 909 888 960 inquit
915 912 939 932 “
951 908 1066 948 sese⁵
1093 908 1246 948 sistant
1268 908 1342 946 illo
1361 907 1406 946 in
1424 907 1551 946 loco.”

219 975 360 1025 Atque
387 974 450 1013 ita
476 974 655 1013 factum:
687 974 754 1013 die
781 973 917 1023 tertio,
942 973 987 1011 in
1016 985 1139 1023 quem
1166 971 1336 1011 vadari⁶
1362 972 1551 1026 iusserat,

220 1039 420 1090 oppidum
439 1041 606 1089 captum
625 1041 689 1078 est
712 1038 937 1089 eodemque
956 1043 1004 1077 eo
1023 1037 1090 1076 die
1109 1037 1154 1075 in
1173 1049 1265 1076 aree
1293 1036 1381 1076 eius
1409 1035 1554 1088 oppidi

220 1103 285 1143 ius
306 1102 425 1142 dixit.

151 852 189 884 10

809 1197 882 1236 IV.
913 1196 965 1235 20

153 1281 191 1313 15
222 1285 342 1316 Notati
351 1283 365 1306 ⁷
378 1286 399 1314 a
411 1283 616 1321 censoribus,
633 1283 690 1322 qui
705 1282 921 1314 audientibus
934 1282 976 1312 fis
990 1282 1149 1312 dixerant
1163 1281 1236 1312 ioca
1251 1281 1417 1320 quaedam
1434 1280 1554 1311 intem-

288 1334 466 1373 pestiviter
477 1344 483 1371 ;
495 1333 508 1354 8
529 1336 567 1364 ac
581 1333 622 1363 de
636 1333 708 1363 eius
721 1341 854 1371 quoque
874 1334 957 1362 nota
970 1332 1206 1368 deliberatum,
1222 1332 1280 1370 qui
1300 1332 1443 1361 steterat
1463 1330 1554 1361 forte

289 1383 379 1422 apud
394 1387 450 1414 eos
464 1382 733 1414 oscitabundus.⁹

288 1455 407 1494 Inter
426 1460 640 1493 censorum
653 1452 679 1474 ¹⁰
694 1452 935 1492 severitates
955 1451 1038 1491 tria
1058 1451 1159 1490 haec
1175 1450 1365 1502 exempla
1382 1450 1428 1488 in
1446 1450 1556 1489 litte—

223 1526 280 1559 ris
301 1522 399 1559 sunt
418 1517 763 1568 castigatissimae
775 1516 802 1538 ¹1
817 1516 1071 1567 disciplinae.
1125 1506 1266 1555 finum
1288 1518 1351 1554 est
1369 1514 1555 1553 huiusce-

153 1592 193 1622 20
223 1584 347 1623 modi.
396 1583 549 1623 Censor
564 1582 712 1632 agebat
723 1580 750 1602 ¹²
764 1582 815 1620 de
829 1581 1026 1620 uxoribus
1043 1580 1240 1619 sollemne
1254 1579 1552 1619 iusiurandum.

223 1648 362 1689 Verba
373 1647 400 1670 ¹³
418 1650 536 1686 erant
558 1647 619 1686 ita
643 1650 862 1697 concepta:
899 1646 948 1686 Vt
966 1650 1009 1684 εῐι
1028 1643 1112 1683 eoel‘*
1129 1647 1260 1683 animi
1282 1649 1342 1683 tui
1363 1645 1554 1682 sententia

942 1761 955 1784 ⁷
975 1762 1026 1793 Sc.
1042 1765 1145 1792 sunt:
1171 1761 1277 1792 ‘were
1291 1759 1466 1791 branded.’
1501 1758 1554 1790 Cf.

873 1810 965 1843 nota,
977 1807 1000 1837 1.
1012 1808 1059 1843 16,
1070 1807 1136 1837 and
1151 1815 1184 1844 p.
1199 1807 1248 1842 25,
1264 1815 1297 1835 n.
1313 1807 1342 1835 9.
1384 1805 1398 1827 ⁸
1418 1806 1426 1821 ‘
1438 1813 1558 1835 unsea-

223 1766 236 1788 1
257 1767 277 1797 J
279 1766 334 1796 oin
349 1765 433 1796 with
444 1765 627 1803 quispiam.
669 1763 684 1784 2
697 1764 705 1778 ⁴
716 1763 837 1794 court!

154 1811 170 1834 ⁸
189 1809 433 1842 vadimonium
447 1808 660 1847 promittere
675 1822 704 1832 =
719 1812 754 1838 to
770 1809 839 1838 fur-

155 1857 232 1887 nish
240 1856 310 1886 bail
322 1865 360 1886 as
372 1856 519 1892 security
531 1855 585 1884 for
596 1854 689 1884 one’s
700 1862 840 1891 appear-

156 1911 239 1932 ance
253 1901 288 1931 in
303 1903 399 1931 court
416 1903 452 1930 to
471 1900 570 1930 stand
592 1899 684 1928 trial.
725 1899 838 1928 Hence

155 1948 213 1977 the
228 1946 382 1985 question
396 1943 435 1975 in
450 1968 456 1975 .
474 1967 480 1974 .
499 1967 506 1975 .
521 1943 663 1975 iuberet
675 1957 704 1967 =
721 1944 728 1958 ‘
742 1945 838 1974 when

156 1992 224 2022 and
238 1992 350 2022 where
370 1992 412 2020 he
426 1991 512 2020 bade
527 1990 596 2027 (the
611 1989 765 2026 accused)
784 1997 840 2026 ap-

155 2045 235 2075 pear
250 2037 303 2066 for
317 2036 421 2066 trial.’
462 2035 477 2056 4
498 2036 505 2050 ‘
517 2035 585 2073 day
598 2034 689 2065 after
703 2036 840 2064 to-mor-

155 2082 249 2112 tow!
284 2080 299 2103 ⁵
313 2081 391 2112 sese
404 2079 538 2110 sistant
550 2093 580 2104 =
594 2079 602 2094 ‘
615 2079 765 2117 appear-‚⁵
800 2079 839 2108 In

155 2126 245 2165 legal
265 2126 433 2164 language
450 2126 565 2156 sistere
588 2124 618 2155 is
640 2125 734 2154 often
757 2124 839 2154 used

156 2172 192 2202 of
221 2171 409 2210 producing
442 2179 533 2200 some
566 2178 629 2199 one
663 2169 697 2198 in
729 2171 837 2199 court.

156 2216 171 2238 θ
190 2215 320 2246 vadari
346 2216 375 2246 is
402 2215 484 2245 used
512 2215 548 2244 of
580 2215 638 2244 the
671 2214 774 2252 judge
802 2222 840 2243 or

156 2270 305 2297 accuser,
330 2261 405 2291 who
430 2268 548 2290 causes
572 2259 715 2289 another
739 2262 775 2288 to
799 2259 839 2289 be

156 2310 218 2345 put
238 2306 346 2336 under
369 2305 449 2335 bail.
489 2304 618 2342 Supply
637 2312 675 2334 as
698 2304 743 2333 its
764 2304 840 2333 sub-

156 2351 226 2390 ject
245 2351 324 2381 here
338 2359 403 2387 eos,
419 2349 653 2388 representing
671 2349 729 2379 the
742 2351 840 2379 court

155 2395 300 2427 officers.

873 1852 1037 1890 sonably.’
1067 1851 1295 1890 ⁹‘yawning.'
1323 1851 1557 1888 Cf.p.40,n.6.

874 1897 901 1918 1⁰
931 1896 1118 1927 censorum
1167 1894 1401 1926 severitates:
1456 1895 1557 1933 ‘pun-

874 1942 1039 1972 ishments
1065 1941 1217 1971 inflicted
1245 1942 1291 1979 by
1312 1942 1369 1970 the
1396 1939 1555 1970 censors.’

875 1986 902 2008 11
923 1987 1118 2017 ‘strictest.'
1160 1986 1188 2007 12
1201 1999 1231 2010 =
1246 1986 1400 2023 exiyebac
1413 1993 1424 2015 :
1467 1985 1557 2015 ‘was

874 2031 1156 2070 administering.’
1198 2031 1226 2052 1⁸
1241 2030 1354 2061 verba.
1364 2030 1552 2068 concepta:

876 2078 955 2107 ‘the
988 2077 1161 2107 formula!
1216 2075 1243 2097 14
1263 2083 1309 2106 ex
1351 2073 1463 2105 animi
1499 2074 1557 2104 tui

877 2122 969 2160 (mei)
1004 2120 1186 2152 sententia
1202 2134 1231 2145 =
1251 2121 1313 2151 ‘on
1349 2129 1436 2158 your
1471 2118 1554 2157 (my)

874 2168 1068 2198 conscience
1081 2167 1088 2180 ¹
1105 2167 1133 2197 is
1147 2175 1167 2196 a
1181 2167 1339 2204 frequent
1360 2164 1506 2194 formula
1520 2164 1556 2194 in

874 2213 984 2243 oaths.
1026 2213 1172 2242 Further
1192 2212 1235 2241 ut
1252 2233 1258 2240 .
1277 2233 1283 2240 .
1302 2209 1435 2240 ,habffs
1449 2210 1478 2240 is
1491 2209 1558 2240 col-

874 2257 1002 2296 loquial
1025 2257 1092 2287 and
1119 2256 1255 2286 arehaic
1278 2255 1332 2285 for
1356 2255 1413 2285 the
1437 2253 1556 2292 simple

874 2302 987 2332 habes.
1028 2302 1143 2332 Hence
1176 2301 1234 2331 the
1260 2299 1369 2330 whole
1402 2299 1556 2337 question

874 2355 1014 2378 means:
1062 2346 1153 2376 ‘Tell
1186 2354 1250 2382 me,
1285 2354 1329 2375 on
1362 2353 1448 2383 your
1479 2352 1558 2374 con-

874 2391 1016 2429 science,
1030 2392 1118 2422 have
1132 2399 1201 2430 you
1214 2399 1236 2421 a
1248 2389 1353 2421 wife?
1363 2389 1371 2404 ’
