1734 2600
543 132 550 136 ‘
593 147 777 182 Noc'ms
808 146 1037 186 ATTICAE‚
1063 145 1108 178 x.
1132 146 1174 178 27
1536 144 1588 182 67

183 266 326 317 digito,
347 265 398 304 de
418 270 499 315 que
525 262 719 312 diximus,
740 262 793 300 ad
820 272 889 300 cor
916 259 1097 299 hominis
1125 270 1295 310 pergere
1315 264 1362 297 ae
1380 269 1521 309 perve-

183 338 294 381 nire;
332 332 551 381 propterea
588 333 672 366 nen
708 324 930 365 inscitum¹
956 331 1093 364 visum
1133 336 1234 372 esse,
1264 335 1358 361 eum
1395 322 1522 373 potis-

185 395 335 435 simum
367 393 546 442 digitum
578 392 656 430 tali
687 391 841 429 honere
879 389 1168 437 decorandum,
1199 394 1272 438 qui
1304 386 1520 425 continens

185 463 227 498 et
246 458 366 510 quasi
384 463 564 497 cenexus
584 467 674 495 esse
693 467 786 494 eum
806 454 1045 506 principatu
1064 452 1199 492 cordis
1218 451 1440 490 videretur.

787 601 839 638 X.
870 600 922 639 27

121 729 123 732 v
185 690 338 722 Historia
351 690 392 722 de
406 689 530 728 populo
548 688 700 719 Remene
716 687 823 726 deque
837 686 960 725 populo
973 685 1129 722 Poenice,
1145 685 1235 724 quod
1255 685 1331 723 pari
1350 692 1524 723 propemo-
1573 688 1593 717 5

600 738 681 768 dum
696 737 810 775 vigere
826 736 955 767 fuerint
970 735 1108 765 aemuli.

253 813 307 851 In
331 809 509 850 litteris²
526 809 737 857 veteribus
763 807 963 846 memoria
990 810 1140 855 exstat,
1162 806 1273 856 quod
1295 811 1370 856 par
1400 818 1525 856 quon-

187 878 283 916 dam
311 876 394 914 fuit
413 875 530 924 vigor
550 878 592 913 et
614 873 802 912 aeritfide
830 871 1145 922 amplitudeque
1173 870 1318 921 populi
1346 871 1525 908 Romani

187 945 312 992 atque
341 941 481 979 Poeni.
539 939 688 988 Neque
717 936 912 975 inmerite
945 935 1239 974 aestimatum.³
1293 934 1397 973 Cum
1431 934 1524 972 aliis

188 1005 357 1056 quidem
376 1003 542 1054 populis
563 1002 639 1041 de4
656 1000 981 1051 uniuscuiusque
1007 999 1230 1050 republica,
1252 1011 1345 1037 cum
1373 999 1525 1037 Poenis
1559 1007 1596 1037 10

189 1073 327 1108 autem
347 1069 398 1107 de
418 1067 602 1106 omnium
621 1070 825 1105 terrarum
844 1064 1019 1115 imperis)
1039 1063 1323 1102 decertatum.³

253 1125 358 1172 TEius
386 1138 447 1170 rei
475 1131 685 1182 specimen
712 1133 776 1168 est
799 1129 843 1167 in
866 1128 965 1167 ille⁵
991 1131 1209 1178 utriusque
1237 1127 1383 1178 populi
1401 1127 1527 1166 verbe

189 1198 404 1248 facteque:
435 1196 479 1242 Q.
501 1195 667 1243 Fabius,
688 1194 913 1244 imperator
942 1194 1167 1240 Remanus,
1188 1191 1331 1230 dedit⁶
1355 1192 1409 1230 ad
1435 1192 1528 1231 Car-

188 1261 471 1311 thaginienses
516 1259 750 1310 epistulam.
819 1257 911 1296 Ibi⁷
955 1260 1156 1307 scriptum
1193 1256 1289 1305 fuit,
1327 1255 1527 1307 populum

190 1327 424 1365 Remanum
443 1324 606 1364 misisse
626 1324 679 1362 ad
698 1329 766 1362 ees
786 1322 951 1361 hastam
971 1325 1013 1360 et
1033 1319 1284 1369 caduceum?
1303 1327 1422 1370 signa
1447 1321 1528 1358 duo
1561 1330 1598 1359 15

190 1390 292 1430 belli
319 1393 391 1429 aut
418 1389 545 1440 pacis,
575 1400 627 1426 ex
655 1386 775 1438 quis⁹
801 1390 942 1425 utrum
970 1385 1128 1424 vellent
1159 1385 1381 1434 eligerent3
1417 1385 1529 1435 quod

192 1454 426 1504 elegissent,
439 1453 485 1492 id
503 1460 631 1491 sinum
650 1456 697 1490 ut
717 1463 806 1491 esse
826 1451 1000 1490 missum
1016 1450 1314 1489 existimarent.
1361 1449 1530 1489 Cartha-

193 1519 400 1568 ginienses
429 1517 743 1568 responderunt,
763 1519 957 1554 neutrum
987 1521 1075 1554 sese
1105 1514 1268 1563 eligere,
1294 1514 1367 1553 sed
1395 1526 1528 1564 posse,

193 1590 267 1634 qui
299 1582 561 1631 adtulissent,
590 1584 732 1619 utrum
759 1580 934 1619 mallent
967 1579 1223 1629 relinquere3
1259 1578 1371 1629 quod
1382 1577 1408 1599 ¹⁰
1440 1578 1530 1616 reli·
1591 1573 1593 1575 ’

193 1647 394 1698 quissent,
414 1646 459 1685 id
478 1646 558 1685 sibi
577 1652 652 1696 pre
664 1644 690 1666 ¹¹
709 1645 840 1684 electe
859 1644 1059 1682 futurum.
1562 1654 1601 1683 20

260 1713 317 1750 M.
339 1715 478 1750 autem
497 1711 629 1750 Varro
648 1716 732 1748 nen
749 1709 914 1748 hastam
934 1708 1069 1758 ipsam
1092 1720 1226 1758 neque
1245 1707 1383 1758 ipsum
1412 1707 1531 1746 cadu-

193 1789 310 1815 ceum
338 1775 467 1814 missa
485 1774 600 1823 dicit,
622 1775 695 1813 sed
718 1774 820 1813 duas
848 1771 1114 1821 tesserulas,¹²
1132 1771 1177 1810 in
1197 1778 1371 1822 quarum
1400 1771 1532 1810 altera

194 1841 428 1889 caduceum,
447 1839 493 1878 in
512 1839 644 1878 altera
661 1838 806 1878 hastae
827 1837 1048 1877 simulacra
1066 1836 1225 1875 fuerint
1244 1836 1385 1875 ineisa.

263 1945 276 1968 1
292 1959 323 1971 =
341 1946 541 1976 absurdum.
912 1943 1061 1974 herald's
1082 1942 1177 1979 staff,
1199 1943 1388 1980 consisting
1409 1943 1446 1981 of
1469 1951 1490 1973 a
1511 1943 1602 1973 stick

262 1991 277 2012 ²
296 1991 349 2021 Cf.
377 2001 409 2029 p.
437 1991 486 2027 39,
514 1999 547 2020 n.
573 1991 609 2028 9;
654 1990 727 2020 also
760 1998 879 2020 monu-
912 1989 949 2019 of
962 1989 1051 2019 olive
1065 1988 1174 2025 wood,
1190 1989 1412 2018 ornamented
1427 1988 1510 2017 with
1527 1997 1603 2026 gar-

196 2037 320 2067 mentis
339 2036 375 2066 in
395 2036 453 2066 the
474 2036 550 2066 title
570 2036 607 2065 os
626 2036 672 2065 iv.
689 2036 726 2065 12
747 2035 793 2073 (p.
808 2035 876 2071 46).
913 2035 1023 2071 lands,
1058 2043 1097 2064 or
1136 2034 1284 2063 ribbons.
1333 2033 1347 2054 9
1365 2046 1394 2057 =
1410 2033 1546 2071 quibus,
1581 2042 1602 2063 a

195 2081 210 2103 ⁸
230 2082 282 2112 Sc.
297 2085 357 2112 est.
398 2080 412 2102 4
433 2081 602 2111 decertare
626 2081 665 2110 de
680 2080 708 2110 is
731 2088 775 2109 an
797 2079 880 2109 idio-
914 2089 1017 2118 usage
1031 2078 1185 2109 confined
1200 2082 1236 2108 to
1257 2078 1392 2108 archaic
1414 2079 1481 2108 and
1503 2079 1603 2108 collo-

196 2126 300 2157 matic
326 2135 404 2164 way
430 2126 467 2156 of
499 2126 631 2164 saying,
662 2125 750 2155 ‘The
780 2125 879 2154 stake
914 2125 1006 2163 quial
1033 2124 1144 2154 Latin.
1187 2123 1215 2144 10
1235 2122 1352 2162 quod.
1372 2146 1378 2153 .
1396 2122 1599 2154 ‚futu-uum:

196 2171 355 2202 involved
368 2172 405 2201 in
419 2172 476 2201 the
489 2174 621 2201 contest
632 2170 726 2200 was.'
767 2169 781 2191 ⁵
803 2170 879 2200 ‘the
914 2171 950 2199 in
976 2171 1034 2200 the
1061 2170 1169 2199 direct
1196 2169 1368 2199 discourse
1395 2169 1464 2199 this
1491 2169 1603 2199 would

198 2217 392 2255 following‚’
403 2216 591 2253 ameaning
600 2216 709 2246 which
719 2216 775 2245 the
786 2215 879 2245 word
915 2215 1013 2253 read:
1044 2215 1134 2253 quod
1147 2214 1368 2252 reliqueritis,
1383 2215 1420 2244 id
1434 2214 1530 2244 nobis
1539 2222 1603 2251 pro

198 2262 292 2292 often
304 2263 412 2292 bears.
432 2261 712 2299 ‘⁵¹despatched'3
729 2261 795 2290 itis
805 2269 882 2290 con-
916 2261 1016 2290 electo
1039 2261 1115 2290 erit.
1156 2259 1183 2280 11
1205 2260 1259 2288 ‘in
1281 2260 1338 2289 the
1359 2259 1454 2297 place
1475 2259 1511 2289 of
1534 2259 1602 2296 (i.e.

199 2307 315 2337 strued
329 2307 408 2336 here
422 2306 505 2336 with
519 2305 566 2336 ad
580 2306 647 2336 and
669 2307 726 2335 the
747 2314 882 2335 accusa·
917 2305 1112 2343 equivalent
1151 2305 1200 2342 to)
1243 2313 1306 2334 our
1345 2313 1420 2334 own
1465 2304 1602 2335 choice.'

197 2351 268 2381 tive
291 2352 433 2382 because
457 2352 493 2381 of
516 2352 573 2381 the
594 2351 672 2381 idea
694 2351 730 2380 ot
754 2350 882 2380 motion
918 2349 946 2370 ¹2
967 2349 1146 2387 ‘tokens';
1175 2350 1345 2387 properly,
1365 2349 1456 2379 little
1479 2349 1605 2380 tickets

199 2396 347 2434 implied.
395 2395 409 2417 ⁷
432 2409 463 2420 =
479 2396 519 2426 in
551 2404 591 2426 ea
624 2395 780 2433 epistula.
830 2395 843 2416 ⁸
863 2403 883 2425 a
899 2410 903 2428 ε
917 2404 956 2425 or
970 2395 1062 2425 slabs
1075 2395 1112 2425 of
1125 2394 1222 2424 wood
1236 2403 1274 2424 or
1289 2394 1404 2425 metal.
