1734 2600
585 155 770 189 NOCTES
800 154 1029 194 ATTICAE,
1055 154 1122 186 ix.
1146 153 1168 186 3
1525 149 1576 189 61

170 277 282 313 creto
292 274 316 294 '⁷
335 271 474 324 inquit
494 274 518 295 “
531 277 605 311 suo
620 269 898 309 Athenienses
919 271 1126 317 caverant,
1146 270 1194 306 ut
1213 272 1287 318 qui
1301 267 1484 315 Megaris
1496 263 1509 286 ¹

170 338 273 378 civis
307 340 427 386 esset,
459 342 496 375 si
525 334 745 374 intulisse²
776 334 966 372 Athenas
999 333 1148 384 pedem
1178 338 1353 382 prensus
1385 333 1507 379 esset,

169 406 218 442 ut
243 415 292 441 ea
315 408 380 441 res
402 407 442 439 ei
465 400 626 439 homini
653 398 845 450 capitalis
875 401 1006 447 esset3
1041 400 1159 436 tanto
1188 395 1468 434 Athenienses
1484 395 1508 415 '⁷

170 466 308 518 inquit
359 469 383 489 “
395 465 490 504 odio
529 464 760 513 flagrabant
798 462 1076 501 finitimorum
1113 460 1329 499 hominum
1372 461 1510 509 Mega-

170 531 363 570 rensium.
420 531 528 568 Tum
555 528 764 576 Euclides,
785 533 858 578 qui
885 526 1071 565 indidem
1102 526 1284 575 Megaris
1314 528 1403 563 erat
1423 531 1510 575 qui·
1559 532 1579 562 5

171 607 251 646 que
279 599 375 634 ante
394 594 439 632 id
458 594 670 632 decretum
689 596 731 631 et
751 604 840 631 esse
860 591 1040 630 Athenis
1061 594 1103 629 et
1126 590 1268 629 audire
1298 590 1509 629 Socratem

171 662 452 707 consueverat,
481 661 702 709 postquam
730 657 776 695 id
804 657 1015 695 decretum
1045 658 1284 704 sanxerunt,
1314 655 1391 693 sub
1418 666 1510 693 noc-

117 722 120 726 *
170 728 269 774 tem,
289 736 382 762 cum
402 723 775 773 advesperasceret,
795 721 939 760 tunica
957 720 1081 770 longa
1102 719 1296 758 muliebri
1314 718 1510 758 indutus3

172 792 214 828 et
236 787 390 839 pallio⁴
417 786 690 826 versicolore⁵
717 785 920 825 amictus3
938 788 980 824 et
999 788 1124 836 caput
1152 783 1265 823 rica⁶
1290 784 1466 833 velatus,
1487 790 1509 822 e

172 853 294 892 domo
322 858 398 892 sua
424 853 606 901 Megaris
625 851 814 889 Athenas
843 850 897 889 ad
926 850 1136 889 Socratem
1166 849 1433 897 commeabat,
1461 852 1509 887 ut
1541 856 1580 885 10

171 917 240 956 vel
258 917 393 956 noctis
413 916 554 967 aliquo
572 919 758 966 tempore
786 914 1051 954 consiliorum
1081 920 1398 964 sermonumque
1421 912 1508 952 eius

172 981 290 1020 fieret
308 981 530 1032 particeps,
546 986 770 1030 rursusque
786 980 862 1019 sub
881 979 1015 1018 lucem
1035 978 1154 1017 milia
1172 990 1369 1029 passuum
1385 977 1510 1028 paulo

174 1046 353 1097 amplius
389 1045 543 1095 viginti
579 1045 723 1083 eadem
760 1047 876 1083 veste
913 1043 989 1082 illa
1027 1046 1163 1082 tectus
1209 1042 1382 1082 redibat.
1450 1042 1510 1080 At

173 1111 321 1159 nunc,''
352 1110 492 1161 inquit
538 1109 718 1147 “videre
756 1108 846 1148 est⁷
878 1107 1149 1159 philosophos
1186 1107 1298 1146 filtro
1334 1119 1509 1155 currere,

174 1178 222 1214 ut
240 1175 426 1223 doceant,
447 1174 501 1213 ad
528 1174 639 1213 fores
668 1173 864 1211 iuvenum
893 1172 1073 1211 divitum
1101 1178 1252 1222 eosque
1280 1171 1339 1210 ibi
1368 1171 1511 1210 sedere
1543 1180 1580 1210 15

174 1243 298 1290 atque
326 1237 533 1290 opperiri⁸
556 1250 684 1289 prope
710 1238 764 1276 ad
791 1237 1019 1286 meridiem,
1041 1237 1169 1276 donec
1198 1235 1394 1287 discipuli
1420 1248 1512 1275 noc-

174 1307 344 1343 turnum
362 1315 483 1342 omne
501 1309 646 1341 vinum
666 1302 936 1341 edormiant.'’
949 1301 964 1323 ⁹

774 1463 908 1502 IX.3

175 1562 333 1602 Epistula
342 1562 491 1601 Philippi
499 1561 526 1584 1⁰
538 1561 628 1601 regis
639 1562 683 1593 ad
694 1562 913 1592 Aristotelem
922 1560 950 1582 11
959 1561 1198 1600 philosophum
1208 1569 1309 1600 super
1318 1560 1513 1592 Alexandro

712 1613 829 1642 recens
838 1611 866 1632 12
883 1614 975 1642 nato.

242 1694 478 1746 Philippus,
516 1694 727 1746 Amyntae
764 1693 895 1743 filius,
932 1697 1067 1732 terrae
1114 1693 1383 1733 Macedoniae
1426 1700 1511 1743 rex,
1543 1703 1584 1734 20

176 1759 293 1799 cuius
312 1759 469 1798 virtute
488 1758 776 1809 industriaque
796 1759 983 1797 Macetae
996 1757 1023 1780 ¹³
1041 1758 1369 1809 locupletissimo
1388 1758 1514 1809 impe-

177 1823 239 1863 rio
258 1827 370 1863 aucti
388 1823 574 1874 gentium
586 1822 613 1845 ¹⁴
630 1823 929 1874 nationumque
942 1822 968 1844 ¹⁵
985 1822 1211 1862 multarum
1230 1826 1358 1874 potiri
1376 1835 1514 1874 coepe-

246 1954 260 1976 1
279 1954 440 1985 Ablative
466 1955 503 1985 of
530 1955 684 1993 Meyara,
710 1955 863 1994 Meyaro-
896 1954 911 1976 ⁶
932 1955 1215 1993 ‘parti-colored.’
1256 1955 1271 1976 ⁶
1292 1955 1402 1985 ‘veiL’
1445 1954 1458 1976 ⁷
1480 1955 1526 1985 ‘it
1554 1955 1583 1985 is

179 2008 270 2036 rum,
284 2001 343 2030 the
356 2000 483 2038 capital
496 2001 533 2030 of
553 2000 711 2038 Megaris,
728 2009 749 2030 a
762 2000 863 2030 small
897 2001 1068 2038 possible.’
1108 2001 1122 2022 8
1133 2014 1163 2025 =
1175 2009 1326 2031 manere.
1359 2000 1373 2021 9
1388 2000 1498 2039 ‘sleep
1508 2000 1581 2031 off!

178 2045 314 2076 district
346 2046 383 2076 of
419 2045 546 2076 Greece
580 2046 676 2084 lying
710 2046 863 2076 between
963 2046 990 2067 1⁰
1011 2046 1065 2076 Cf.
1087 2055 1119 2084 p.
1139 2047 1189 2083 49,
1206 2055 1239 2075 n.
1256 2047 1284 2075 1.
1327 2045 1353 2067 11
1374 2046 1444 2076 The
1464 2046 1585 2076 distin-

179 2091 294 2121 Attica
324 2091 391 2121 and
425 2091 578 2122 Corinth.
632 2090 647 2111 2
667 2091 746 2121 Join
778 2091 863 2121 with
897 2091 1040 2129 guished
1065 2091 1235 2121 Athenian
1258 2091 1474 2129 philosopher
1492 2091 1585 2128 (384-

178 2136 332 2174 prssnsus
365 2137 473 2167 esset.
516 2136 646 2166 Gellius
667 2137 696 2167 is
720 2136 803 2166 fond
827 2137 864 2167 of
897 2137 955 2166 322
964 2135 1066 2173 13.c.),
1079 2136 1204 2174 apupil
1215 2136 1252 2166 ot
1266 2137 1363 2166 Plato
1377 2136 1445 2166 and
1460 2137 1584 2166 author

179 2181 246 2211 odd
271 2190 348 2212 uses
376 2182 413 2211 of
446 2182 504 2212 the
537 2181 720 2212 infinitive.
774 2182 863 2212 Note
897 2181 934 2211 of
959 2189 1063 2219 many
1086 2181 1244 2211 valuable
1271 2182 1397 2211 works.
1439 2181 1470 2211 A
1496 2182 1584 2220 good

179 2226 252 2257 also
285 2227 343 2257 the
377 2230 473 2257 tense
506 2227 543 2257 of
579 2225 760 2257 intulisse.
802 2227 863 2258 We
898 2230 995 2265 story
1009 2226 1038 2256 is
1053 2226 1126 2256 told
1140 2227 1176 2256 oi
1190 2227 1261 2256 him
1276 2227 1322 2265 by
1336 2227 1466 2257 Gellius
1479 2227 1584 2256 xiii.5

178 2272 292 2302 would
306 2280 384 2310 say:
408 2273 416 2287 ‘
427 2273 456 2302 if
473 2281 542 2311 any
556 2281 619 2303 one
634 2281 722 2302 were
737 2273 864 2310 caught
903 2272 950 2310 (p.
973 2271 1041 2309 73).
1083 2271 1111 2292 ¹2
1130 2272 1258 2302 adverb
1273 2285 1303 2296 =
1318 2281 1439 2309 nuper.
1485 2272 1586 2302 Alex-

180 2317 308 2356 setting
330 2318 427 2347 foot.'
470 2318 622 2348 Another
646 2318 807 2348 evidence
827 2318 865 2348 of
899 2317 1005 2347 ander
1015 2326 1086 2347 was
1099 2318 1185 2347 born
1200 2318 1235 2347 in
1250 2318 1308 2347 356
1322 2325 1392 2347 13.c.
1434 2316 1462 2338 18
1476 2326 1585 2348 arare

180 2365 359 2393 exactness
373 2363 402 2393 is
416 2365 452 2393 to
466 2363 508 2393 be
522 2371 601 2393 seen
614 2363 651 2393 in
665 2363 723 2393 the
737 2371 814 2393 case
828 2363 865 2393 of
899 2363 1000 2399 form,
1027 2362 1160 2401 mainly
1192 2363 1304 2400 poetic
1322 2375 1351 2386 =
1372 2355 1584 2394 Ma'cedoms.

180 2405 349 2438 Athana&
385 2407 400 2429 8
413 2407 466 2439 Cf.
476 2409 569 2446 p.58,
580 2417 614 2438 n.
624 2409 654 2438 8.
688 2407 703 2429 4
718 2408 862 2439 ‘cloak’
899 2407 927 2429 14
948 2408 1128 2438 ‘nations.’
1170 2407 1198 2429 1⁵
1219 2407 1368 2438 ‘tx-ibes!
