1734 2600
578 153 763 187 NOCTES
793 154 1022 195 ATTICAE,
1049 155 1132 188 VII.
1159 155 1182 188 4

808 285 906 325 VII.
937 286 963 324 3

280 383 434 415 Historia
447 385 584 422 sumpta
598 392 641 414 ex
654 383 751 414 libris
766 383 954 414 Tuberonis
963 383 976 405 1
989 384 1031 415 de
1045 387 1202 423 serpente
1216 385 1416 416 invisitatae

726 433 959 472 longitudinis.

244 516 406 556 Tuberf)
451 516 497 554 in
537 517 735 555 Historiis
772 519 974 567 scriptum
1021 517 1192 568 reliquit
1229 517 1339 557 bello
1382 524 1516 569 primo

116 616 122 621 ,
177 581 356 620 Poenico
386 580 592 619 Atilium²
623 580 831 630 Regulum
868 581 1079 620 cansulem
1109 582 1152 620 in
1180 575 1337 632 Kfrica,
1367 586 1515 622 castris

178 645 314 696 apud³
332 644 591 694 Bagradam⁴
608 645 763 684 flumen
790 645 952 696 positis,
972 646 1176 696 proelium
1207 647 1362 696 grande
1391 651 1516 698 atque

111 717 114 721 '
178 716 270 749 acre
292 709 442 749 fecisse
471 710 669 749 adversus
697 709 852 748 unum⁵
875 714 1108 761 serpentem
1129 711 1278 751 inillis
1307 711 1408 751 locis
1438 715 1518 751 sta

178 773 418 814 bulantem⁶
441 774 683 814 invisitatae
710 774 984 823 inmanitatis,
1006 787 1181 826 eumque
1209 782 1359 825 magna
1386 780 1515 816 t6tius

178 839 383 878 exercitus
403 838 665 878 c6nflicti6ne
677 839 848 878 ’balistis
860 838 874 861 ⁷
893 842 1017 890 atque
1045 840 1270 890 catapultis
1291 841 1364 879 diu
1392 848 1517 892 oppu-

178 907 361 953 gnatum,
383 902 553 954 eiusque
573 903 787 942 interfecti
814 903 997 942 corium⁸
1014 904 1184 954 longum
1203 905 1330 956 pedes
1350 909 1516 945 centum

178 970 221 1007 et
238 967 392 1018 viginti
411 968 587 1007 Ramam
606 967 782 1008 misisse.

768 1111 868 1152 VII.
897 1111 924 1150 4

179 1208 268 1244 Quid
281 1208 372 1240 idem
393 1208 528 1240 Tubero
547 1217 657 1239 novae
667 1208 682 1230 ⁹
694 1209 858 1240 historiae
871 1209 913 1240 da
927 1209 1035 1241 Atilio
1053 1210 1182 1249 Regulo
1196 1213 1216 1241 a
1230 1210 1518 1250 Carthaginiensi-

245 1259 308 1289 bus
322 1262 423 1297 capto
436 1259 563 1289 litteris
577 1259 811 1297 mandaverit3
833 1259 915 1298 quid
930 1259 1035 1290 etiam
1045 1260 1236 1291 Tuditanus
1246 1260 1273 1282 1⁰
1286 1269 1387 1300 super
1401 1262 1518 1293 eadem

243 1308 372 1347 Regulo
386 1308 570 1347 scripserit.

245 1391 364 1438 Quod
383 1391 486 1431 satis
506 1391 665 1431 celebre
677 1390 704 1412 ¹¹
723 1395 787 1431 est
807 1392 858 1431 de
877 1391 1011 1432 Atilia
1030 1393 1204 1442 Regulo,
1221 1393 1265 1432 id
1279 1394 1517 1445 nuperrime

179 1454 355 1504 legimus
385 1459 586 1506 scriptum
614 1456 660 1494 in
688 1456 890 1495 Tuditani
912 1456 1052 1496 libris:
1083 1458 1291 1506 Regulum
1304 1457 1330 1479 ¹²
1348 1462 1515 1509 captum

180 1519 234 1558 ad
263 1531 322 1568 ea,
347 1532 452 1570 quae
482 1519 527 1558 in
557 1524 705 1559 senatu
733 1521 890 1559 Ramae
920 1521 1029 1560 dixit
1060 1522 1250 1571 suadens,
1280 1529 1332 1561 ne
1360 1527 1518 1573 captivi

179 1595 273 1622 cum
306 1583 718 1634 Carthaginiensibus
751 1588 1098 1635 permutarentur,
1130 1585 1175 1624 id
1204 1599 1367 1638 quoque
1405 1587 1518 1626 addi-

180 1647 303 1697 disse,
337 1654 543 1687 venenum
573 1648 654 1688 sibi
684 1649 1050 1699 Carthaginienses
1081 1650 1258 1700 dedisse,
1289 1658 1373 1690 ncn
1404 1664 1518 1702 prae-

180 1711 448 1762 sentarium,¹³
462 1713 535 1752 sed
547 1713 751 1753 eiusmodi
763 1714 870 1765 quod
888 1718 1064 1753 mortem
1079 1714 1124 1753 in
1134 1714 1160 1736 ¹⁴¹
1174 1715 1285 1754 diem
1297 1716 1515 1767 proferret,

1533 141 1585 197 59

1549 983 1588 1013 10

1549 1470 1586 1499 15

246 1818 260 1841 1
281 1819 321 1854 Q.
337 1819 453 1851 Aelius
472 1820 617 1857 Tubero,
633 1829 654 1851 a
674 1820 777 1860 jurist
796 1821 864 1852 and

179 1864 345 1895 historian
372 1866 409 1896 of
435 1866 493 1896 the
520 1865 598 1896 first
621 1869 767 1904 century
792 1874 862 1897 13.c.

180 1908 195 1930 ²
213 1910 260 1939 M.
283 1910 408 1941 Atilius
426 1910 576 1949 Regulus
597 1911 772 1948 Serranus,
789 1912 864 1942 who

180 1963 251 1985 was
281 1955 439 1986 defeated
473 1956 540 1986 and
570 1953 677 1987 taken
711 1957 865 1995 prisoner

180 1999 227 2037 by
246 2001 304 2030 the
325 2000 591 2039 Carthaginians
619 2002 654 2031 in
684 2001 802 2032 Africa
828 2002 864 2031 in

179 2045 238 2075 255
278 2053 348 2075 Rc.
388 2045 404 2067 8
424 2046 546 2076 ‘nean’
587 2046 602 2066 4
621 2055 642 2076 a
678 2047 769 2077 river
805 2050 865 2077 not

180 2090 236 2120 :tar
249 2091 336 2121 from
362 2091 542 2129 Carthage.
583 2091 598 2113 ⁵
616 2091 727 2122 finum
741 2092 771 2122 is
785 2092 864 2122 here

180 2136 381 2175 practically
395 2145 439 2167 an
453 2136 630 2167 indefinite
649 2137 779 2167 article.
822 2137 865 2168 So

182 2182 323 2220 quidam
346 2182 376 2212 is
396 2182 492 2212 often
515 2183 608 2213 used.
650 2183 701 2213 Cf.
717 2183 864 2213 German

181 2227 237 2256 ein
252 2227 261 2242 ‘
271 2236 346 2263 one,
362 2227 406 2264 a,'
423 2227 490 2258 and
513 2228 644 2258 French
659 2228 726 2258 and
742 2228 865 2258 Italian

180 2280 241 2301 un.
282 2271 297 2293 θ
318 2272 467 2310 ‘living.’
509 2272 553 2303 So
576 2273 752 2303 stabulum
766 2273 866 2311 origi-

181 2317 276 2355 nally
303 2317 449 2348 denoted
477 2326 498 2348 a
519 2318 690 2356 dwelling,
713 2318 866 2348 whether

181 2361 236 2391 sor
263 2371 343 2392 man
364 2371 403 2392 or
429 2363 538 2393 beast.
580 2362 594 2384 ⁷
613 2363 683 2394 The
712 2363 866 2393 ballistae

182 2415 269 2437 were
292 2407 371 2437 used
397 2407 642 2450 forthrowing
661 2410 786 2444 stones,
808 2408 866 2438 the

901 1821 1094 1859 catapultae
1140 1822 1195 1852 for
1240 1823 1399 1862 shooting
1444 1832 1584 1855 arrows.

900 1866 913 1888 8
928 1867 936 1882 ‘
947 1867 1046 1897 skin.’

967 1912 981 1933 ⁹
1003 1913 1183 1951 ‘strange’
1239 1913 1265 1934 1⁰
1285 1913 1322 1944 C.
1368 1914 1585 1952 Sempronius

900 1957 1101 1993 Tuditanus,
1129 1958 1247 1988 consul
1280 1959 1337 1988 129
1370 1967 1454 1996 B.c.,
1478 1963 1585 1990 wrote

900 2002 1068 2033 Hister-ies
1082 2003 1118 2032 in
1132 2003 1314 2034 annalistic
1331 2004 1467 2034 fashion
1481 2005 1525 2042 (p.
1535 2006 1584 2042 28,

900 2047 990 2084 n.5).
1032 2046 1059 2068 11
1073 2048 1326 2079 'well-known!
1367 2048 1586 2080 12Tradition

900 2100 979 2130 says
994 2093 1070 2123 that
1090 2093 1240 2131 Regulus
1253 2102 1323 2124 was
1337 2098 1412 2124 sent
1427 2098 1462 2125 to
1481 2096 1585 2126 Rome

900 2137 934 2167 in
943 2138 999 2167 251
1008 2146 1076 2168 13.c.
1085 2141 1120 2168 to
1130 2139 1303 2177 negotiate
1313 2148 1357 2169 an
1367 2141 1539 2178 exchange
1549 2141 1587 2170 of

900 2183 1080 2220 prisoners.
1122 2184 1244 2214 Before
1264 2184 1402 2223 leaving
1415 2185 1586 2224 Carthage

900 2229 942 2258 he
963 2228 1077 2258 bound
1098 2229 1236 2259 himself
1259 2230 1305 2268 by
1319 2238 1362 2260 an
1384 2232 1465 2260 oath
1485 2234 1521 2261 to
1537 2240 1587 2262 re-

900 2276 982 2303 turn
1030 2274 1144 2304 unless
1191 2275 1248 2305 the
1295 2276 1467 2314 exchange
1514 2285 1586 2317 was

901 2317 1056 2349 effeeted.
1098 2318 1126 2340 18
1148 2320 1360 2350 ‘immediate
1391 2321 1424 2350 in
1459 2320 1585 2351 effect!

902 2362 929 2384 14
948 2361 987 2393 in
1016 2362 1110 2393 diem
1140 2363 1338 2401 prfflerret:
1382 2366 1586 2403 'postponed

902 2407 955 2437 sor
969 2416 990 2437 a
1004 2407 1110 2437 time!
