1734 2600
148 160 202 199 46

149 860 186 890 10

147 1311 184 1340 15

146 1635 185 1664 20

649 158 811 193 AULUS
842 158 1048 193 GELLIUS

218 285 370 324 equum
399 272 524 312 nimis
553 271 798 322 strigosum¹
828 276 870 312 et
898 272 1032 312 male²
1048 272 1249 324 habitum,
1270 274 1343 314 sed
1368 274 1551 326 equitem

219 337 307 376 eius
334 337 613 376 uberrimum3
635 341 676 376 et
701 337 1036 376 habitissimum4
1056 338 1252 377 viderunt
1277 342 1319 378 et
1342 339 1448 378 ‘Cur
1462 339 1472 359 ⁹
1491 339 1552 377 in·

218 401 368 452 quiunt
402 401 486 440 ‘ita
504 405 578 451 est,
598 405 646 440 ut
670 405 718 440 tsi
738 407 794 440 sis
821 414 945 452 quam
974 413 1103 452 equus
1132 402 1369 441 curatior?'
1426 403 1551 450 ‘Quo-

218 465 356 514 niam‚'
370 465 519 516 inquit,
542 469 638 515 ‘ego
652 472 718 504 me
738 471 846 515 curo,
863 477 1014 516 equum
1035 466 1194 506 Statius
1214 466 1362 504 nihili⁵
1381 467 1548 507 servos!

217 530 365 569 Visum
385 533 449 568 est
472 542 618 580 parum
638 541 726 569 esse
755 536 947 569 reverens
976 536 1219 581 responsum
1248 530 1486 582 relatusque
1505 531 1551 570 in

218 594 409 643 aerarios,
430 597 477 632 ut
495 600 583 632 mos
603 594 705 633 est.⁷'

285 657 444 697 Statius
465 661 603 696 autem
623 657 772 697 servile
787 663 938 697 nomen
951 657 1046 697 fuit.
1102 658 1298 709 Plerique
1317 659 1429 710 apud
1443 662 1551 698 vete-

218 729 283 761 res
317 728 427 761 servi
464 729 511 761 eo
548 721 714 761 nomine
747 722 928 761 fuerunt.
987 722 1215 762 Caecilius⁶
1251 735 1414 774 quoque
1453 723 1550 762 ille⁷

217 786 521 825 comoediarum
554 790 677 837 poeta
712 785 920 826 inclutus⁷
953 798 1096 826 servus
1133 786 1218 825 fuit
1254 790 1297 826 et
1332 790 1551 838 propterea

217 857 367 890 nomen
394 850 541 889 habuit
569 850 741 889 Statius.
800 850 881 889 Sed
910 854 1055 901 postea
1082 863 1248 890 versum
1276 854 1340 890 est
1368 851 1486 902 quasi
1505 851 1550 890 in

217 917 546 965 cognomentum,
567 913 883 965 appellatusque
904 918 967 954 est
987 914 1190 954 Caecilius
1211 914 1381 955 Statius.
1490 920 1494 923 “

807 1038 880 1079 IV.
910 1038 963 1077 12

218 1122 327 1153 Notae
341 1124 376 1153 et
389 1121 701 1153 animadversiones
712 1121 725 1143 8
738 1121 911 1152 censoriae
928 1121 963 1151 in
978 1121 1150 1153 veteribus
1171 1121 1424 1153 monumentis⁹
1439 1130 1550 1162 reper-

692 1174 748 1202 tae
763 1171 927 1202 memoria
940 1171 1075 1209 dIgnae.

285 1239 330 1278 Si
348 1238 441 1289 quis
462 1251 605 1288 agrum
629 1251 748 1277 suum
768 1250 915 1288 passus
930 1238 1068 1277 fuerat
1084 1238 1317 1278 sordescere
1329 1237 1356 1260 ¹⁰
1374 1251 1549 1290 eumque

216 1303 484 1352 indiligenter
503 1302 673 1341 curabat
693 1308 740 1341 ac
759 1314 892 1353 neque
912 1306 1099 1342 araverat
1127 1315 1260 1353 neque
1288 1306 1548 1353 purgaverat,

217 1374 304 1407 sive
324 1367 417 1418 quis
446 1367 632 1405 arborem
656 1379 773 1405 suam
792 1373 1038 1417 vineamque
1063 1366 1263 1406 habuerat
1274 1366 1301 1388 Π
1320 1367 1548 1417 derelictui‚

216 1438 300 1471 non
322 1431 366 1470 id
389 1431 477 1470 sine
506 1437 639 1481 poena
665 1430 761 1480 fuit,
783 1431 855 1470 sed
881 1434 970 1469 erat
995 1443 1098 1482 opus
1111 1430 1138 1452 ¹²
1155 1431 1387 1471 censorium
1414 1437 1551 1471 censo-

216 1502 363 1547 resque
389 1495 593 1534 aerarium
627 1494 848 1534 faciebant.
905 1495 1026 1545 Item,
1060 1495 1154 1546 quis
1182 1507 1306 1546 eques
1337 1497 1549 1536 Romanus

217 1573 368 1611 equum
404 1559 556 1598 habere
595 1559 868 1608 gracilentum
882 1559 908 1582 ¹³
939 1563 1012 1598 aut
1043 1572 1190 1610 parum
1221 1559 1402 1599 nitidum
1434 1566 1549 1600 visus

216 1628 316 1674 erat,
336 1626 542 1673 inpolitiae
553 1622 580 1644 ¹⁴
593 1623 837 1673 notabatur3
866 1623 912 1662 id
929 1624 1101 1663 verbum
1125 1623 1344 1674 significat,
1364 1623 1484 1675 quasi
1501 1627 1550 1663 tu

217 1689 328 1728 dieas
359 1691 548 1727 ίηοᾶνίαε.
606 1687 734 1727 Csiius
762 1693 824 1726 rei
850 1691 1068 1739 utriusque
1093 1688 1359 1728 auctoritates
1385 1691 1483 1728 sunt
1507 1691 1550 1727 et

217 1742 273 1792 ΜῘ
297 1753 398 1793 Cato
416 1752 461 1791 id
481 1757 775 1803 saepenumero
794 1751 1025 1792 adtestatus
1045 1755 1118 1792 est.

215 1856 229 1878 1
249 1856 364 1887 ⁴thin.’
406 1855 420 1876 2
438 1854 535 1885 male
562 1854 743 1886 habitum:
775 1855 831 1885 ‘ill
866 1855 1026 1886 famous!
1067 1855 1148 1886 This
1180 1855 1341 1895 meaning
1366 1855 1403 1886 of
1435 1855 1493 1886 ille
1519 1855 1550 1886 is

147 1902 254 1940 kept,’
282 1902 337 1932 i.e.
366 1901 454 1937 lean,
484 1901 620 1938 skinny.
674 1901 740 1930 For
774 1901 832 1931 the
866 1900 1070 1931 commonin
1087 1900 1225 1931 Gellius.

148 1955 334 1985 synonyms
348 1947 438 1981 here,
455 1954 492 1976 as
513 1946 621 1976 below
641 1945 676 1975 in
695 1944 832 1975 fiberri-
934 1946 947 1967 8
968 1946 1248 1976 ‘Punishments.’
1306 1946 1319 1966 ⁹
1341 1955 1386 1976 sc.
1422 1946 1551 1976 littera-

147 1999 245 2022 mum
272 1993 310 2022 et
335 1989 614 2027 habitissimum,
639 1999 694 2020 see
721 2000 753 2028 p.
782 1991 829 2027 16,
866 2000 956 2021 rum.
991 1991 1019 2012 1⁰
1036 1992 1090 2021 ‘to
1102 2000 1166 2020 run
1176 1991 1281 2021 wild.’
1322 1990 1346 2011 1¹
1361 1989 1551 2021 derelict&

147 2047 181 2067 11.
212 2038 241 2067 3.
291 2036 305 2058 ⁸
328 2037 431 2075 ‘very
465 2036 539 2066 fat!
590 2035 605 2056 4
626 2036 832 2074 ‘extremely
865 2034 998 2068 habere
1012 2049 1041 2060 =
1055 2035 1239 2074 neyleyere.
1281 2035 1362 2065 This
1381 2036 1504 2073 phrase
1521 2036 1549 2065 is

147 2083 225 2113 well
236 2082 473 2112 conditioned.’
509 2081 652 2112 Plautus
663 2081 832 2112 describes
867 2082 924 2111 the
951 2081 1104 2118 opposite
1130 2081 1168 2111 of
1195 2081 1288 2111 cordi
1314 2080 1548 2110 habere=‘to

148 2137 169 2158 a
202 2127 332 2158 certain
365 2127 556 2157 individual
589 2135 627 2157 as
661 2126 833 2164 corpulen-
867 2126 1015 2156 esteem.’
1058 2125 1086 2147 12
1105 2126 1187 2156 erat
1213 2132 1304 2163 opus
1328 2123 1547 2155 06n36rium:

148 2174 215 2203 tior
245 2175 345 2210 atque
372 2172 533 2202 habitior.
574 2171 588 2193 ⁵
610 2171 830 2202 ‘worthless.'
868 2172 944 2201 ‘the
958 2179 1093 2201 censors
1113 2171 1196 2200 took
1216 2170 1418 2208 eognizanee
1438 2169 1475 2199 of
1495 2169 1547 2199 it.’

148 2217 300 2255 Strietly,
330 2216 432 2247 nihili
466 2217 495 2247 is
522 2217 580 2247 the
613 2216 763 2254 genitive
795 2216 832 2246 of
867 2215 894 2237 18
916 2216 1033 2245 ‘thim’
1074 2215 1126 2246 Cf.
1141 2215 1325 2252 striyosum
1345 2215 1464 2251 above,
1478 2214 1501 2244 l.
1518 2215 1547 2244 1.

148 2262 297 2293 nihilum
312 2274 342 2286 =
357 2261 457 2298 nihil,
473 2262 536 2291 but
550 2261 577 2290 it
592 2261 621 2291 is
636 2261 718 2291 used
738 2269 833 2299 prae·
867 2260 894 2282 14
909 2260 916 2274 ‘
928 2261 1006 2291 lack
1017 2260 1054 2290 of
1062 2263 1220 2290 neatness
1231 2260 1238 2274 ’
1253 2259 1309 2297 (ef.
1316 2259 1450 2297 polire).
1478 2259 1548 2289 The

147 2307 266 2345 tically
280 2315 318 2337 as
338 2315 383 2337 an
403 2306 628 2336 indeclinable
649 2306 829 2344 adjective.
866 2306 1014 2344 genitive
1042 2305 1071 2335 is
1091 2306 1149 2335 the
1162 2313 1225 2335 one
1246 2304 1419 2343 regularly
1441 2303 1548 2334 found

147 2353 162 2374 6
181 2352 232 2382 Gt.
245 2361 277 2390 p.
290 2353 339 2389 21,
352 2360 384 2381 n.
395 2352 442 2381 21.
483 2350 496 2372 ⁷
515 2349 579 2381 ille
591 2351 658 2381 and
671 2349 831 2381 inclutus
866 2351 949 2381 with
964 2350 1062 2380 verbs
1077 2350 1113 2380 of
1126 2349 1547 2388 charging,eondemning,

147 2397 346 2435 strengthen
358 2397 439 2426 each
449 2396 556 2432 other,
568 2404 605 2426 as
616 2396 699 2425 both
711 2408 740 2420 =
755 2396 763 2410 ⁴
774 2396 831 2425 the
867 2395 932 2425 and
945 2395 1145 2434 acquitting.
