1734 2600
597 144 783 179 NOCTES
813 143 1042 184 ATTICAE,
1060 143 1113 182 ,V.
1140 142 1162 175 3

175 261 258 301 cim
283 265 325 300 et
352 266 440 310 regi
465 258 691 310 Philipp&
719 259 940 307 donatum3
969 257 1048 296 hoc
1076 260 1215 296 autem
1244 254 1351 294 aeris
1379 257 1514 293 nostri

176 338 338 366 summa
356 329 420 364 est
439 323 655 364 sestertia²
673 326 858 362 trecenta
877 321 1104 361 duodecim.
1164 321 1295 371 Super
1313 319 1392 358 hoc
1407 325 1512 370 equo

176 390 346 440 dignum
374 388 573 427 memoria
592 394 740 436 visum,
761 387 884 438 quod,
903 386 976 425 ubi
999 389 1168 425 ornatus
1198 388 1287 423 erat
1315 387 1513 423 armatus-

175 445 256 505 que
287 454 341 492 ad
372 452 588 504 proelium,
618 452 732 491 haud
763 463 961 502 umquam
991 449 1179 489 inscendi
1209 455 1299 488 sese
1331 448 1383 487 ab
1415 448 1510 498 alio,

174 518 258 557 nisi
277 518 329 556 ab
347 523 456 568 rege,
469 529 617 568 passus
644 516 710 556 sit.
769 516 821 554 Id
847 515 973 554 etiam
1000 515 1050 553 de
1074 514 1156 553 isto
1184 520 1289 564 equo
1317 519 1512 552 memora-

174 586 264 621 tum
283 586 359 631 est,
379 581 502 632 quod,
521 593 612 620 cum
640 580 827 620 insidens
847 579 892 618 in
911 585 959 618 eo
977 579 1217 618 Alexander
1236 577 1345 617 bello
1364 577 1513 617 Indico

175 650 217 685 et
235 646 422 685 facinora
447 645 607 684 faciens
636 645 775 693 fortia,
795 644 841 682 in
859 643 1044 683 hostium
1073 643 1274 682 cuneum³
1295 648 1379 681 non
1407 642 1509 682 satis

175 710 255 750 sibi
275 710 498 761 providens
517 709 758 758 inmisisset,
775 708 1054 759 coniectisque
1069 707 1254 758 undique
1269 707 1314 745 in
1332 706 1511 745 Alexan-

175 775 295 813 drum
327 774 424 814 telis
456 774 699 813 vulneribus
733 773 830 812 altis
860 773 905 811 in
942 779 1101 811 cervice
1138 776 1262 823 atque
1299 771 1345 809 in
1381 771 1510 810 latere

174 851 304 890 equus
330 838 569 890 perfossus⁴
588 842 709 887 esset,
730 837 1026 876 moribundus⁶
1048 841 1188 876 tamen
1207 843 1254 875 ac
1273 833 1400 886 prope
1426 835 1509 874 iam

174 902 396 952 exsanguis
425 909 447 942 e
475 902 624 942 mediis
661 902 852 941 hostibus
890 908 1028 951 regem
1065 900 1357 940 vivacissim6⁶
1387 906 1511 939 cursu

174 967 319 1006 retulit
338 971 475 1018 atque,
490 967 562 1006 ubi
582 979 676 1005 eum
706 971 825 1005 extra
843 966 928 1005 tela
946 965 1165 1015 extulerat,
1186 965 1282 1004 ilico
1304 964 1510 1003 eoncidit⁷

175 1036 228 1080 et,
258 1031 440 1070 domini⁸
471 1031 555 1070 iam
593 1030 832 1082 superstitis
870 1037 1050 1079 securus,
1083 1029 1203 1080 quasi
1237 1042 1329 1068 cum
1364 1036 1509 1069 sensus

174 1095 346 1135 humani
383 1096 536 1135 solacio
572 1095 779 1134 animam⁹
815 1094 1056 1145 exspiravit.
1127 1095 1235 1132 Tum
1278 1101 1351 1133 rex
1387 1093 1511 1132 Alex-

175 1160 313 1209 ander,
342 1164 463 1211 parta
490 1160 579 1199 eius
607 1159 709 1199 belli
735 1159 922 1208 victoria,
946 1158 1147 1209 oppidum
1175 1158 1220 1196 in
1249 1158 1381 1198 isdem
1408 1158 1509 1198 loeis

174 1224 362 1263 condidit
380 1224 505 1275 idque
524 1223 576 1263 ob
587 1222 615 1245 ¹⁰
632 1229 730 1275 equi
746 1223 924 1263 honores
942 1224 1199 1273 Bacephalon
1219 1222 1459 1273 appellavit.

787 1364 893 1404 V.3

175 1460 270 1496 Quae
294 1469 398 1492 causa
420 1460 575 1500 quodque
598 1460 735 1490 initium
758 1460 865 1491 fuisse
886 1460 1021 1491 dicatur
1039 1461 1243 1499 Protagorae
1255 1459 1284 1481 11
1301 1459 1345 1490 ad
1366 1459 1511 1498 philoso-

613 1510 713 1548 phiae
724 1509 753 1532 12
765 1510 900 1540 litteras
913 1510 1070 1541 adeundi.

241 1591 523 1640 Protagoram,
543 1590 679 1629 virum
699 1590 744 1628 in
768 1590 918 1629 studiis
932 1589 959 1612 ¹³
977 1590 1258 1629 doctrinarum
1287 1590 1509 1640 egregium,

174 1654 292 1694 cuius
305 1661 455 1694 nomen
465 1655 589 1694 Plato
599 1653 625 1676 ¹⁴
639 1655 746 1694 libro
756 1653 782 1675 ¹⁵
796 1661 871 1694 suo
885 1654 950 1693 illi
965 1654 1123 1694 incluto
1138 1654 1363 1705 inscripsit,
1375 1654 1512 1694 adule-

175 1764 249 1791 tum
271 1770 343 1792 was
367 1765 426 1791 not
450 1770 471 1791 a
495 1762 581 1798 coin,
597 1762 659 1791 but
683 1770 704 1791 a
727 1761 858 1791 certain
893 1761 1031 1799 safety.'

174 1807 301 1845 weight
314 1807 350 1836 ot
371 1807 475 1837 silver
492 1807 571 1843 (less
585 1807 680 1837 osten
695 1807 732 1837 of
752 1807 857 1845 gold).

1527 140 1581 179 49

1543 845 1581 874 10

1543 1168 1580 1198 15

1542 1664 1582 1694 20

1072 1761 1142 1791 The
1163 1761 1312 1799 genitive
1333 1762 1417 1791 with
1440 1770 1580 1792 securus

893 1806 1033 1844 belongs
1046 1809 1082 1836 to
1094 1810 1214 1845 poetry
1228 1807 1296 1836 and
1310 1807 1580 1844 post-Augustan

175 1851 206 1881 It
218 1860 290 1882 was
303 1860 324 1882 a
338 1851 450 1882 Greek
465 1861 630 1882 measure.
672 1852 743 1882 The
759 1852 859 1882 value

174 1896 212 1926 ot
232 1897 290 1927 the
310 1897 414 1928 silver
434 1897 555 1934 taient,
570 1897 681 1927 which
695 1897 724 1927 is
745 1901 859 1927 meant

174 1941 266 1978 here,
281 1950 352 1972 was
365 1942 471 1972 about
485 1941 598 1975 31000.

236 1985 248 2006 1
268 1986 362 2025 King
381 1987 418 2016 of
438 1987 602 2017 Macedon
622 1988 758 2018 359—336
776 1995 858 2023 13.c.‚

175 2031 242 2061 and
253 2031 367 2062 father
375 2032 411 2061 of
423 2032 626 2062 Alexander.
664 2032 678 2052 ²
691 2031 862 2063 sestertia

174 2076 204 2107 is
233 2077 322 2106 from
345 2077 403 2107 the
423 2077 633 2107 nominative
655 2078 859 2114 sestertium,

174 2122 285 2152 which
291 2122 418 2152 :mille
427 2123 584 2152 sestertii.
609 2123 680 2152 The
687 2123 861 2153 sestertius

174 2175 246 2197 was
279 2176 300 2197 a
332 2167 462 2197 Roman
495 2168 600 2198 silver
631 2168 719 2205 eoin,
750 2169 861 2198 worth

176 2213 281 2242 about
290 2213 368 2242 four
376 2216 481 2243 cents.
501 2212 515 2234 ³
525 2215 531 2225 ⁴
542 2213 676 2251 wedge‚'
691 2215 696 2226 ¹
705 2213 860 2243 eolumn.'

175 2257 388 2296 4⁰piereed;·
422 2258 511 2288 from
536 2258 704 2296 perfodio.
754 2258 861 2297 ⁵‘dy·

176 2301 258 2340 ing.’
299 2303 314 2324 ὃ
330 2316 359 2327 =
378 2303 596 2333 velocissima
639 2303 652 2324 ⁷
673 2303 752 2333 ‘fell
773 2304 859 2334 dead

176 2355 218 2377 on
248 2348 306 2377 the
332 2351 408 2386 spot
433 2346 568 2384 (Πίοὸ).’
617 2348 631 2369 8
650 2347 786 2378 domini
800 2371 807 2378 .
827 2371 833 2377 .
852 2371 858 2377 .

176 2390 345 2422 fiel-irus:
378 2393 534 2423 ‘assured
561 2393 598 2423 of
625 2394 679 2423 his
702 2394 860 2424 master‘s

394 2452 479 2474 AUL.
499 2452 582 2475 om.
597 2443 671 2475 ——4

894 1861 1004 1890 prose.
1044 1851 1058 1872 9
1072 1852 1124 1882 Cf.
1134 1861 1167 1889 p.
1183 1852 1232 1888 39,
1248 1860 1280 1881 n.
1294 1853 1342 1881 13.
1384 1851 1411 1872 1⁰
1432 1851 1476 1882 ob
1498 1853 1582 1890 equi

893 1896 1046 1927 honores
1060 1910 1090 1921 =
1105 1901 1144 1927 ut
1158 1905 1284 1935 equum
1298 1897 1491 1927 honoraret.

964 1942 990 1963 11
1012 1942 1046 1971 P.
1081 1942 1170 1972 lived
1205 1943 1311 1972 about
1343 1943 1481 1972 480-410
1509 1951 1578 1973 13.c.

896 1987 924 2008 12
942 1986 1192 2025 philosophiae
1216 2010 1222 2016 .
1248 2010 1255 2016 .
1281 2010 1288 2016 .
1313 1986 1489 2018 adeundI:
1525 1989 1581 2018 ‘ot

895 2033 1052 2070 entering
1077 2041 1121 2062 on
1145 2034 1203 2062 the
1225 2033 1390 2063 scientific
1418 2034 1521 2071 study
1545 2034 1582 2063 of

895 2078 1118 2116 philosophy.'
1158 2077 1185 2098 13
1196 2077 1325 2108 studiis
1334 2077 1580 2109 doctrinarum

898 2123 1099 2153 =‘learned
1141 2123 1292 2153 studies)
1334 2123 1361 2144 1⁴¹
1382 2124 1492 2160 Plato,
1522 2125 1580 2154 the

895 2168 1086 2199 celebrated
1139 2168 1311 2198 Athenian
1367 2169 1582 2207 philosopher

899 2213 1044 2255 (427-347
1067 2213 1164 2250 B.c.)‚
1187 2217 1292 2244 wrote
1311 2222 1332 2243 a
1347 2214 1505 2252 dialogue
1526 2223 1582 2244 en-

896 2258 996 2289 titled
1041 2259 1255 2296 Protagoras,
1297 2259 1410 2289 whose
1449 2260 1581 2290 central

896 2304 1008 2334 theme
1055 2304 1095 2339 is,
1141 2304 1178 2334 Is
1223 2305 1332 2334 virtue
1382 2304 1581 2335 teachable?

897 2348 924 2370 1⁵
937 2349 1007 2379 The
1021 2349 1138 2379 dative
1152 2349 1181 2379 is
1195 2349 1261 2380 due
1279 2352 1314 2380 to
1336 2349 1393 2380 the
1413 2349 1525 2388 prefix
1538 2351 1575 2382 os

894 2392 1090 2432 inscripsit.
