1734 2600
194 140 245 179 30

190 842 228 872 10

190 1165 226 1194 15

187 1489 226 1518 20

693 141 855 174 AULUS
887 141 1093 175 GELLIUS

261 253 490 302 verberum,
525 254 598 293 sed
629 253 741 293 rem¹
772 254 906 305 ipsam
940 261 1044 294 scire
1077 255 1252 306 quaeris,
1282 262 1347 295 res
1377 256 1509 296 ferme
1541 257 1595 297 ad

261 316 371 356 hunc
399 318 567 356 modum
593 323 676 357 est:
708 320 800 358 Mes
830 323 952 357 antea
980 319 1236 359 senateribus
1257 321 1413 359 Remae
1433 320 1528 371 fuit,
1548 321 1594 361 in

262 382 417 420 curiam
447 395 540 421 cum
571 382 869 433 praetextatis²
901 382 1005 422 filiis
1036 383 1218 422 introire.
1275 385 1394 433 Tum,
1423 397 1517 423 cum
1549 385 1594 424 in

262 450 407 485 senatu
440 453 504 485 res
542 446 672 485 maior
709 447 928 497 quaepiam
967 447 1200 486 censultata
1235 460 1364 499 eaque
1401 449 1447 487 in
1482 449 1593 488 diem

261 514 471 560 posterum
499 510 660 561 prelata
685 514 749 550 est
777 511 1027 562 placuitque,
1047 515 1095 550 ut
1113 524 1204 550 eam
1226 524 1324 561 rem,
1346 512 1494 563 super³
1512 519 1595 564 qua

259 574 562 623 tractavissent,
583 581 634 613 ne
655 575 748 626 quis
769 575 1004 614 enuntiaret
1023 575 1264 626 priusquam
1283 577 1449 616 decreta
1471 581 1592 627 esset,

260 642 391 677 mater
410 639 570 690 Papirii
589 646 719 690 pueri,
740 646 813 690 qui
841 652 933 678 cum
962 643 1133 690 parente
1153 646 1227 679 suo
1245 640 1290 678 in
1309 640 1423 679 curia
1440 641 1591 691 fuerat,

259 707 501 753 percontata
519 707 583 742 est
602 703 754 752 filium,
776 703 975 754 quidnam
994 703 1040 742 in
1059 707 1206 743 senatu
1228 708 1368 755 patres
1397 704 1588 754 egissent.

259 768 370 806 Puer
416 767 631 818 respondit
677 768 897 807 tacendum
938 780 1027 807 esse
1070 780 1204 819 neque
1245 768 1290 807 id
1326 769 1409 807 dici
1454 769 1589 808 licere.

259 831 412 870 Mulier
440 831 490 870 fit
517 831 713 871 audiendi
741 832 950 883 cupidior;
986 836 1189 871 secretum
1217 838 1278 870 rei
1306 836 1348 871 et
1378 832 1592 873 silentium

258 902 376 946 pueri
406 896 590 935 animum
619 896 707 936 eius
736 897 789 935 ad
818 896 1111 947 inquirendum
1145 897 1402 936 everberat4:
1429 897 1592 948 quaerit

258 960 386 1009 igitur
431 960 732 1011 compressius⁵
771 960 1088 1011 violentiusque.
1163 961 1269 999 Tum
1317 973 1419 1011 puer
1459 965 1590 1000 matre

257 1028 429 1074 urgente
467 1023 623 1075 lepidi⁶
649 1029 774 1076 atque
807 1025 952 1064 festivi
984 1024 1190 1064 mendacii
1219 1024 1437 1063 censilium
1465 1025 1587 1076 capit.

257 1081 411 1128 Actum
447 1089 492 1127 in
530 1093 675 1128 senatu
713 1089 831 1138 dixit,
862 1093 1003 1128 utrum
1036 1088 1247 1127 videretur
1279 1089 1424 1128 utilius
1458 1101 1590 1140 exque

257 1153 493 1204 republica⁷
511 1159 626 1202 esse,
655 1160 815 1193 unusne
847 1157 894 1192 ut
928 1153 1029 1192 duas
1059 1159 1207 1192 uxeres
1240 1153 1423 1203 haberet,
1453 1165 1506 1192 an
1543 1157 1592 1193 ut

256 1224 341 1256 sina
368 1216 504 1268 apud⁸
522 1218 624 1257 duos
652 1221 784 1268 nupta
812 1221 931 1257 esset.
989 1218 1081 1256 Ηόθ
1110 1217 1185 1256 illa
1212 1217 1282 1256 ubi
1311 1217 1484 1266 audivit,
1508 1217 1592 1256 ami-

258 1296 348 1322 mus
377 1282 683 1334 compavescit,⁹
700 1283 821 1321 domo
848 1281 1061 1333 trepidans
1074 1280 1101 1303 ¹⁰
1119 1282 1340 1331 egreditur,
1361 1282 1414 1320 ad
1433 1286 1590 1322 ceteras

258 1350 465 1386 matrenas
485 1347 653 1398 perfert.
702 1347 900 1385 Pervenit
915 1347 968 1385 ad
984 1350 1171 1386 senatum
1190 1346 1391 1397 postridie
1410 1349 1590 1385 matrum

257 1411 440 1450 familias
460 1410 666 1450 caterva.ll
720 1411 1003 1450 Lacrimantes
1024 1414 1148 1461 atque
1174 1410 1435 1449 obsecrantes
1458 1414 1590 1460 erant,

256 1483 340 1514 una
371 1475 510 1526 potius
543 1479 590 1514 ut
623 1475 782 1514 duobus
815 1479 947 1526 nupta
978 1474 1096 1513 fieret
1131 1487 1254 1525 quam
1287 1478 1335 1513 ut
1366 1480 1441 1512 fini
1471 1474 1588 1513 duae.

259 1540 476 1579 Senateres
512 1539 792 1588 ingredientes
829 1539 873 1577 in
911 1539 1080 1588 curiam,
1115 1551 1220 1589 quae
1256 1538 1331 1577 illa
1370 1538 1590 1577 mulierum

257 1604 523 1654 intemperies
536 1603 562 1624 ¹²
581 1608 622 1642 et
648 1603 750 1654 quid
773 1603 852 1642 sibi
868 1603 892 1624 ¹³
910 1602 1133 1653 pestulatie
1160 1602 1288 1641 istaec
1314 1602 1453 1651 vellet,
1473 1608 1592 1642 mira-

257 1669 418 1707 bantur.
475 1669 585 1706 Puer
616 1667 811 1718 Papirius
841 1667 886 1705 in
899 1667 925 1688 ¹⁴
953 1667 1135 1705 medium
1168 1666 1304 1705 curiae
1337 1672 1588 1717 progressus,

256 1731 397 1783 quid¹⁵
415 1736 547 1771 mater
575 1732 718 1771 audire
746 1731 982 1780 institisset,
1007 1731 1108 1782 quid
1134 1730 1223 1781 ipse
1249 1734 1374 1769 matri
1401 1729 1589 1780 dixisset,

257 1840 269 1863 1
289 1842 346 1871 the
363 1841 449 1879 ‘gist
461 1841 468 1854 '
485 1841 521 1871 of
545 1841 602 1871 the
626 1843 732 1879 story,
757 1849 795 1871 as
817 1849 873 1878 op-
910 1862 916 1869 .
936 1862 942 1869 .
961 1862 967 1869 .
984 1840 1096 1870 esset:
1119 1838 1240 1869 nubere
1261 1838 1397 1877 usually
1411 1839 1511 1869 takes
1530 1839 1590 1869 the

185 1887 291 1925 posed
312 1890 348 1916 to
368 1887 510 1916 virtutes
529 1908 535 1915 .
554 1908 560 1915 .
579 1907 586 1916 .
602 1885 792 1922 verborum,
814 1886 871 1915 the
906 1884 1033 1921 dative,
1046 1893 1083 1914 as
1097 1883 1206 1914 below
1219 1884 1328 1920 twice,
1341 1883 1363 1913 l.
1376 1884 1424 1914 20.
1465 1883 1480 1904 ⁹
1497 1896 1527 1908 =
1541 1883 1590 1914 ‘is

189 1932 197 1947 ‘
210 1932 385 1970 elegances
396 1931 403 1944 ’
419 1931 456 1961 of
469 1930 569 1969 style.
610 1930 625 1951 2
644 1930 698 1960 i.e.
711 1930 786 1960 lads
800 1930 871 1960 still
906 1929 1113 1967 thoroughly
1127 1929 1339 1967 frightened.'
1381 1927 1408 1949 1⁰
1429 1929 1436 1943 ¹
1447 1928 1505 1958 All
1519 1928 1554 1958 in
1568 1936 1590 1959 a

188 1977 338 2014 wearing
352 1977 410 2006 the
426 1979 505 2014 toya
513 1978 704 2013 praetexta,
716 1984 754 2005 or
767 1975 871 2005 white
906 1974 1049 2005 flutter.’
1090 1974 1143 2004 Cf.
1170 1974 1391 2010 tremibunda
1414 1973 1588 2011 trepiduli,

187 2024 268 2060 toga
284 2022 368 2052 with
388 2020 507 2059 purple
527 2021 661 2051 border.
702 2020 772 2050 The
794 2023 871 2058 coya
906 2029 938 2057 p.
954 2020 1003 2056 35,
1019 2020 1041 2049 l.
1057 2020 1087 2056 9,
1110 2019 1191 2049 used
1212 2019 1249 2049 of
1268 2018 1462 2056 srightened
1483 2018 1587 2048 birds.

188 2066 300 2097 virilis
333 2075 404 2096 was
437 2074 520 2104 pure
559 2065 673 2096 white.
733 2064 748 2086 ⁸
771 2078 801 2089 =
819 2066 869 2095 de.
907 2064 934 2086 11
955 2065 1074 2106 ‘host.’
1126 2063 1155 2085 12
1173 2064 1217 2094 cf.
1236 2073 1269 2101 p.
1284 2065 1333 2100 26,
1349 2072 1382 2093 n.
1397 2064 1427 2093 5.
1472 2062 1499 2084 ¹⁸
1519 2060 1590 2093 sibi

193 2111 351 2141 Tractare
374 2112 403 2141 is
427 2111 563 2149 usually
583 2111 764 2141 construed
788 2111 871 2140 with
909 2132 915 2139 .
935 2132 941 2139 .
960 2132 966 2139 .
982 2108 1112 2140 vellet:
1137 2108 1295 2139 ‘meant.’
1331 2107 1359 2129 14
1377 2106 1416 2138 in
1431 2105 1588 2138 medium

188 2157 246 2187 the
257 2156 462 2186 accusative.
484 2156 498 2176 4
521 2169 551 2180 =
565 2156 702 2186 incitat.
724 2154 738 2176 ⁶
759 2155 871 2185 ‘more
906 2153 1042 2185 cfiriae:
1065 2153 1312 2192 post-classical
1325 2153 1425 2183 fori‘n
1439 2153 1589 2183 mediam

188 2201 384 2239 earnestly.’
426 2200 440 2222 ⁶
454 2201 483 2230 A
494 2200 674 2239 colloquial
685 2200 789 2236 word,
800 2200 870 2230 like
907 2200 1049 2230 curiam.
1070 2198 1097 2220 1⁶
1111 2198 1403 2236 Grammatically,
1419 2198 1476 2228 the
1489 2195 1590 2236 quid·
1650 2205 1655 2241 j

189 2255 251 2276 our
267 2246 394 2284 ‘jolly.’
437 2245 450 2267 7
471 2246 478 2260 ‘
491 2248 526 2276 to
537 2246 595 2276 the
606 2246 748 2276 interest
763 2245 798 2275 of
813 2246 870 2275 the
905 2245 1036 2274 clauses
1050 2244 1182 2282 depend
1196 2252 1239 2273 on
1260 2241 1433 2273 denarrat
1453 2251 1491 2272 as
1511 2243 1588 2272 sub·
1648 2252 1650 2255 ’

188 2292 302 2321 state.'
345 2291 442 2322 Since
453 2291 522 2321 this
535 2291 659 2329 phrase
676 2291 705 2320 is
728 2290 869 2328 couplet]
904 2289 1075 2328 J'unctives
1114 2289 1151 2319 of
1189 2288 1379 2326 dependent
1415 2287 1586 2326 question3

188 2336 271 2366 with
302 2344 322 2365 a
352 2336 584 2374 comparative
616 2333 788 2373 (utilius),
820 2344 869 2364 we
905 2334 1074 2373 logically‚
1096 2334 1178 2373 they
1198 2342 1256 2364 are
1280 2333 1316 2363 in
1338 2331 1528 2371 apposition
1551 2334 1588 2362 to

189 2385 280 2411 must
301 2380 422 2419 supply
436 2380 548 2418 mayis
562 2380 647 2411 with
660 2381 699 2410 it.
741 2380 754 2401 8
774 2379 870 2418 apud
904 2388 988 2410 rem.
1414 2385 1418 2389 ·
