1748 2704
1613 0 1713 28 ..δρψ

217 189 271 228 80
719 191 880 225 AULUS
914 192 1120 225 GELLIUS

288 304 360 343 sed
392 311 533 344 omnes
567 317 730 356 quoque
767 306 982 356 pugnandi
1018 305 1248 356 reciprocae
1261 305 1273 327 ¹
1310 306 1421 346 vices
1454 310 1497 346 et
1527 306 1621 358 ipsa

287 368 543 407 exercituum
569 370 743 408 duerum
767 369 1021 409 cenflictatie
1039 370 1309 410 vaticinantis
1322 369 1336 391 ²
1353 374 1470 410 metu
1494 373 1619 422 atque

286 432 423 472 verbis
444 437 755 484 repraesentata
773 437 847 473 est.

869 579 960 618 XV.
982 579 1034 617 22

286 670 440 701 Historia
454 671 495 701 de
512 670 686 708 Sertorio,8
700 671 836 710 egregie
857 672 952 709 duce,
968 672 1074 710 deque
1095 674 1173 702 estu
1194 672 1265 702 eius
1286 672 1619 711 commenticissque⁴

217 719 236 749 5
351 720 610 757 simulamentis,
626 721 748 759 quibus
763 721 805 751 ad
821 721 983 752 barbaros
997 721 1124 752 milites
1144 721 1365 752 continendes
1377 722 1620 753 conciliandos-

350 778 415 808 que
429 770 494 799 sibi
510 771 681 800 fitebEtur.

341 847 560 896 Sertorius,
581 848 647 886 vir
666 854 759 886 acer
785 847 1055 898 egregiusque
1084 848 1180 897 duX,
1202 851 1244 887 et
1263 849 1409 887 utendi
1436 849 1620 900 regendi-

287 924 366 962 que
387 911 591 951 exercitfis
612 911 795 962 peritus⁵
813 911 908 950 fuit.
965 912 1010 951 Is
1030 912 1074 950 in
1088 912 1343 962 temporibus
1363 911 1618 952 difficillimis

287 979 329 1014 et
348 975 626 1015 mentiebatur
645 976 698 1014 ad
717 975 885 1025 milites,
907 982 943 1015 si
961 976 1222 1015 mendacium
1247 977 1473 1026 predesset,
1494 979 1536 1015 et
1555 976 1620 1015 lit-

219 1048 255 1076 10
287 1043 397 1079 teras
418 1040 666 1090 compositas
678 1039 693 1061 ⁶
711 1046 785 1090 pre
800 1046 910 1079 veris
933 1039 1096 1090 legebat
1116 1043 1157 1078 et
1177 1040 1382 1079 somnium
1398 1040 1620 1080 simulabat

287 1108 329 1142 et
361 1104 516 1143 falses⁷
548 1104 770 1153 religienes
808 1104 1057 1153 conferebat,
1094 1110 1130 1143 si
1162 1104 1264 1154 quid
1296 1103 1400 1143 istae
1430 1110 1495 1143 res
1525 1116 1619 1142 eum

287 1167 423 1218 apud⁸
450 1168 632 1206 militum
669 1168 827 1207 animes
857 1168 1121 1206 adiuvabant.
1179 1167 1294 1206 Illud
1323 1168 1426 1207 adee
1463 1168 1621 1207 Serteri

287 1232 424 1271 nebile
436 1231 450 1254 ⁹
469 1236 542 1271 est.
601 1232 733 1271 Cerva
744 1231 771 1253 ¹⁰
791 1232 885 1271 alba
903 1232 1078 1270 eximiae
1104 1231 1429 1282 pulchritudinis
1449 1235 1495 1280 et*
1509 1238 1621 1271 viva-

287 1296 476 1335 cissimae
505 1296 731 1335 celeritatis
752 1303 776 1335 a
795 1296 998 1335 Lusitane
1021 1302 1059 1334 ei
1081 1295 1261 1346 quedam
1290 1296 1398 1334 dene
1426 1296 1524 1334 data
1542 1299 1616 1334 est.

218 1370 255 1398 15
287 1361 408 1399 Hanc
424 1360 503 1399 sibi
518 1360 699 1399 oblatam
712 1360 914 1399 divinitus
928 1363 969 1398 et
981 1359 1224 1399 instinctam
1236 1358 1261 1380 ¹¹
1276 1359 1435 1398 Dianae
1450 1359 1619 1398 mimine

287 1424 479 1475 conloqui
517 1430 655 1463 secum
692 1430 938 1474 monereque
966 1428 1008 1462 et
1038 1424 1182 1462 docere
1211 1436 1315 1474 quae
1353 1423 1476 1462 utilia
1502 1423 1620 1462 factu

287 1492 437 1538 essent,
467 1488 715 1539 persuadere
745 1488 933 1527 omnibus
967 1487 1124 1527 institit
1136 1487 1163 1508 ¹²
1190 1494 1249 1536 ac,
1280 1493 1316 1527 si
1344 1487 1446 1538 quid
1475 1487 1619 1527 durius

287 1553 516 1601 videbatur,
537 1545 649 1602 quod
668 1552 956 1602 imperandum
975 1552 1179 1591 militibus
1199 1552 1320 1600 foret,
1342 1557 1367 1590 a
1385 1557 1507 1590 cerva
1530 1557 1620 1590 sese

287 1617 491 1655 monitum
528 1616 802 1666 praedicabat.
861 1616 913 1654 Id
950 1628 1043 1654 cum
1081 1616 1255 1664 dixerat,
1290 1615 1486 1664 universi,
1518 1618 1620 1654 tam-

217 1692 256 1721 20
288 1680 450 1732 quam13
469 1687 506 1719 si
525 1681 612 1729 dee,
634 1680 809 1719 libentes
838 1680 1048 1730 parebant.
1105 1681 1168 1718 Ea
1196 1692 1317 1718 cerva
1335 1679 1514 1730 quedam
1538 1678 1618 1728 die,

288 1758 381 1783 cum
413 1744 595 1783 incursie
629 1748 738 1783 esset
774 1743 959 1783 hostium
991 1743 1194 1792 nuntiata,
1226 1743 1496 1782 festinatione
1509 1741 1535 1764 ¹⁴
1571 1748 1618 1781 ac

288 1809 472 1848 tumultu
484 1812 749 1847 consternata
760 1807 805 1846 in
819 1808 961 1858 fugam
978 1814 1021 1847 se
1036 1807 1225 1858 prerfipit
1238 1810 1362 1857 atque
1374 1806 1419 1844 in
1433 1804 1619 1857 paludess

286 1934 299 1956 1
319 1932 524 1972 reciprocae
577 1932 690 1963 vices:
756 1933 763 1947 ‘
775 1933 902 1963 vicissi-

218 1980 340 2016 tudes,’
366 1979 594 2017 ‘alternating
618 1978 796 2008 fortunes.'
838 1977 852 1998 2
868 1990 897 2002 =

218 2026 318 2061 vatis,
336 2025 343 2039 ⁴
356 2024 453 2055 seer.’

937 1933 991 1962 i.e.
1015 1933 1164 1963 schemes
1189 1932 1357 1970 carefully
1379 1932 1537 1970 wrought
1559 1934 1620 1962 out

936 1981 972 2007 to
981 1978 1127 2008 deceive.
1157 1977 1329 2007 ⁵‘skilled
1339 1978 1398 2007 in.'
1428 1977 1442 1999 θ
1457 1977 1618 2016 ‘forged.'

937 2022 950 2044 ⁷
969 2021 1085 2053 falsas
1103 2045 1109 2052 .
1128 2045 1134 2052 .
1155 2045 1161 2052 .
1177 2021 1400 2052 censerebat:
1451 2022 1459 2037 ⁴
1472 2022 1619 2060 brought

285 2069 299 2091 ³
319 2070 358 2105 Q.
376 2069 555 2105 Sertorius,
577 2077 620 2098 an
646 2067 761 2098 officer
785 2068 819 2097 in
843 2068 901 2098 the
937 2068 1085 2097 sorward
1129 2068 1197 2105 (i.e.
1232 2067 1424 2105 expressed)
1469 2066 1619 2105 scruples

218 2124 315 2153 army
331 2115 366 2144 of
386 2115 528 2151 Marius,
543 2114 618 2143 who
632 2117 722 2143 went
743 2117 778 2143 to
800 2113 901 2151 Spain
937 2113 1047 2143 which
1088 2113 1128 2142 he
1165 2113 1223 2142 did
1263 2115 1323 2142 not
1366 2112 1432 2142 feel
1469 2114 1507 2142 at
1546 2111 1617 2142 all)

218 2160 253 2190 in
274 2161 311 2190 82
332 2167 401 2190 13.c.
418 2168 455 2189 as
476 2162 686 2197 propraetor,
708 2159 775 2188 and
796 2158 903 2188 main·
918 2156 921 2186 ῑ
937 2158 950 2179 8
963 2157 1060 2195 apud
1091 2156 1248 2187 militum
1281 2155 1436 2187 animes:
1474 2157 1527 2186 ‘in
1560 2157 1619 2187 the

218 2205 333 2235 tained
349 2205 486 2234 himself
507 2205 602 2234 there
623 2207 660 2234 at
681 2204 738 2234 the
759 2204 845 2234 head
866 2203 902 2233 of
937 2203 1116 2233 affections
1137 2203 1173 2232 of
1200 2203 1258 2232 the
1281 2201 1443 2232 soldiers.’
1494 2201 1509 2222 ⁹
1529 2201 1618 2232 Here

218 2251 276 2280 the
297 2250 516 2280 Lusitanians
535 2248 772 2287 (Portuguese)
792 2248 827 2278 in
847 2257 903 2286 op-
940 2261 969 2272 =
989 2248 1215 2278 notissimum.
1255 2246 1283 2268 1⁰
1304 2247 1353 2276 ‘A
1373 2246 1459 2276 doe.’
1501 2245 1528 2267 11
1550 2246 1619 2276 ‘in-

217 2295 364 2332 position
378 2298 414 2324 to
431 2295 488 2325 the
510 2297 733 2332 government
747 2297 784 2324 at
798 2293 901 2323 Rome
937 2293 1073 2330 spired.'
1114 2292 1142 2313 1²
1156 2293 1164 2307 ‘
1175 2293 1217 2323 he
1230 2291 1439 2330 proceeded.’
1480 2290 1508 2312 1³
1526 2292 1618 2322 tam-

218 2340 272 2370 till
286 2340 327 2370 he
342 2349 412 2370 was
433 2340 612 2369 murdered
634 2339 668 2368 in
689 2340 738 2369 72.
779 2338 793 2359 4
812 2345 903 2368 com·
937 2345 1044 2376 quam
1064 2336 1174 2367 511186
1189 2350 1218 2361 =
1234 2341 1413 2374 tamquam
1431 2335 1613 2374 (pareant)
1664 2367 1667 2370 ,

217 2383 395 2415 menticiis
423 2383 687 2414 simulamentis
702 2393 710 2415 :
738 2384 900 2422 literally,
937 2384 967 2413 si
989 2384 1048 2413 deo
1073 2383 1084 2418 (
1093 2381 1269 2419 pareant).
1305 2381 1333 2402 1⁴
1348 2381 1497 2420 ‘hurry‚’
1522 2381 1530 2396 ‘
1541 2381 1618 2412 bus-

219 2430 226 2444 ⁴
238 2430 284 2468 by
298 2430 350 2460 his
365 2429 500 2467 seigned
516 2428 665 2467 (forged)
681 2427 900 2466 deceptions,’
917 2441 921 2459 ι
937 2428 1008 2459 tle!
1051 2427 1078 2448 1⁵
1099 2428 1106 2442 ‘
1118 2427 1256 2457 mamb)

1723 265 1734 294 ἓ
