1734 2600
175 144 228 184 20

176 1066 214 1096 10

177 1394 213 1423 15

676 144 838 178 AULUS
869 143 1075 178 GELLIUS

243 258 367 298 homo
386 258 537 310 inepte,
553 262 601 297 ut
620 259 730 310 quod
748 265 812 297 vis
833 258 994 297 abunde
1014 257 1288 309 consequaris,
1304 261 1417 297 taces
1431 259 1452 296 ἶ)
1497 257 1578 296 Sed

245 323 537 374 antiquitatem
567 323 645 362 tibi
678 322 840 373 placere
873 322 946 371 ais,
977 322 1086 372 quod
1117 321 1292 361 honesta
1324 325 1366 360 et
1397 322 1505 360 bona
1535 325 1578 360 et

245 387 382 426 sobria
418 391 459 426 et
496 387 683 426 modesta
713 387 778 426 sit.
834 387 941 426 Vive
969 392 1066 435 ergo
1094 385 1300 425 moribusl
1327 385 1576 436 praeteritis,

245 451 411 502 loquere
439 452 576 490 verbis
605 451 891 502 praesentibus
917 453 1041 501 atque
1069 450 1124 500 id,
1145 450 1255 501 quod
1279 456 1304 489 a
1324 451 1366 490 C.
1390 451 1592 499 Caesare,-

245 516 486 555 excellentis
514 515 671 565 ingenii
697 521 743 554 ac
769 515 1013 565 prudentiae
1032 514 1133 563 viro,
1160 514 1205 552 in
1227 520 1360 565 primo
1386 515 1448 553 D&
1466 514 1578 553 Ana,-

245 579 375 631 loqu-fl
394 580 499 619 libro
518 583 729 630 ,scriptum
749 583 823 628 est,
843 579 949 618 haba
979 591 1139 629 semper
1166 578 1210 616 in
1234 578 1431 617 memoria
1453 581 1576 629 atque

244 644 289 682 in
317 648 492 695 pectore,
523 648 569 682 ut
596 648 809 694 tamquam
838 643 1063 694 scopulum,
1091 648 1150 682 sic
1178 641 1315 692 fugias
1343 642 1577 681 inauditum

245 712 369 760 atque
389 708 571 748 insolens
589 707 800 748 verbum.''

846 859 923 898 XI.
955 860 980 898 7

305 967 427 999 Verbis
441 966 686 1006 antiquissimis
701 965 894 1004 relictisque
908 965 978 996 iam
993 966 1027 996 et
1041 964 1159 996 desitis
1173 963 1311 995 minima
1324 963 1517 994 utendum.8

311 1059 458 1098 Verbis
478 1061 541 1096 uti
560 1061 632 1096 aut
650 1056 776 1096 nimis
796 1056 992 1096 obsoletis
1022 1055 1330 1105 exculcatisque
1342 1053 1356 1076 ⁴
1374 1058 1446 1094 aut
1473 1061 1579 1094 inso-

245 1123 426 1161 lentibus
438 1122 452 1143 ⁵
471 1121 751 1172 novitatisque
775 1121 901 1159 durae
913 1119 927 1141 ⁶
945 1123 987 1159 et
1006 1119 1213 1170 inlepidae
1227 1118 1240 1141 ⁷
1259 1125 1334 1169 par
1353 1130 1442 1158 esse
1458 1117 1579 1157 delic-

245 1191 334 1226 tum
346 1187 360 1209 ⁸
378 1186 571 1226 vidatur.⁹
626 1186 707 1225 Sed
726 1185 941 1225 molestius
965 1184 1157 1235 equidem
1179 1182 1469 1234 culpatiusque
1488 1194 1578 1222 esse

245 1252 422 1291 arbitror
453 1251 580 1290 verba
607 1262 724 1298 nova,
746 1249 968 1299 incognita,
992 1248 1181 1287 inaudita
1209 1247 1344 1286 dicere
1368 1259 1493 1297 quam
1520 1246 1580 1284 in-

244 1316 412 1365 volgata
423 1314 450 1336 ¹⁰
468 1319 509 1354 et
530 1313 779 1354 sordentia.¹¹
833 1315 955 1352 Nova
970 1316 1107 1352 autem
1122 1312 1255 1351 videri
1270 1311 1362 1350 dico
1377 1310 1503 1350 etiam
1517 1322 1577 1360 ea,

246 1392 350 1431 quae
371 1383 468 1419 sunt
486 1379 689 1418 inusitata
707 1382 749 1417 et
769 1378 914 1427 desita,
935 1381 1015 1417 etsi
1035 1380 1132 1417 sunt
1150 1379 1325 1415 vetusta.
1368 1375 1459 1415 ‘Est
1477 1375 1579 1414 ades>

245 1445 290 1483 id
325 1444 475 1483 vitium
511 1444 755 1494 plerumque
768 1442 794 1464 ¹²
831 1449 944 1482 serae
975 1440 1234 1490 eruditionis,
1268 1452 1393 1490 quam
1430 1439 1580 1479 Graeci

248 1513 270 1532 “
283 1509 480 1560 ὀψιμαθίαν
493 1509 515 1528 '⁷
546 1507 770 1558 appellant,
800 1510 848 1546 ut
877 1506 988 1557 quod
1015 1517 1241 1556 numquam
1269 1503 1477 1552 didiceris,
1507 1502 1580 1542 diu

227 1572 512 1624 ignoraveris,
542 1584 634 1611 cum
663 1571 707 1610 id
736 1577 840 1611 scire
873 1570 1096 1622 aliquando
1128 1568 1324 1620 coeperis,
1352 1573 1494 1618 magni
1521 1567 1579 1606 fa-

178 1769 249 1795 ner,
264 1759 364 1789 while
378 1756 498 1788 verbis
513 1758 542 1788 is
560 1766 604 1787 an
619 1756 861 1787 instrumental

178 1804 339 1835 ablative.

962 1709 977 1732 ⁸
997 1710 1049 1741 Sc.
1084 1718 1164 1740 esse.
1216 1708 1287 1739 The
1321 1706 1491 1738 infinitivo
1523 1706 1580 1738 de-

896 1756 1002 1794 pends
1015 1764 1058 1786 on
1073 1763 1165 1785 some
1176 1754 1298 1792 phrase
1312 1755 1348 1783 to
1359 1754 1401 1783 be
1412 1751 1577 1791 supplied,

897 1810 960 1839 e.g.
989 1801 1028 1831 in
1054 1800 1116 1830 hoc
1142 1798 1292 1837 capitulo
1315 1799 1577 1828 demonstratur.

246 1714 257 1735 1
278 1712 439 1743 int->ribus
454 1713 483 1742 is
495 1721 539 1743 an
550 1712 700 1742 ablative
711 1711 748 1742 of
767 1720 862 1742 man-

383 1803 483 1832 ‘Live
517 1802 698 1840 according
734 1802 861 1831 toithe

178 1858 336 1879 manners
350 1849 387 1878 os
406 1849 463 1878 the
478 1850 566 1885 past,
581 1847 657 1877 talk
671 1847 706 1876 in
720 1847 777 1876 the
790 1846 863 1876 lan-

178 1903 286 1933 guage
301 1894 337 1924 of
357 1893 500 1931 to-day.'
546 1893 668 1930 (There
683 1892 711 1922 is
726 1900 746 1921 a
760 1891 862 1929 triple

177 1941 342 1975 conti-ast,
377 1938 459 1968 vive
498 1938 600 1976 being
639 1937 785 1974 opposed
825 1939 862 1966 to

178 1983 337 2021 loquere,
367 1981 528 2013 mb'ribus
562 1985 597 2012 to
631 1980 763 2018 verbis,
795 1981 862 2011 and

178 2027 388 2066 praeteritis
411 2031 446 2057 to
470 2025 752 2065 praesentibus.)
799 2025 814 2046 2
833 2026 863 2055 A

179 2074 416 2111 grammatical
438 2073 579 2103 treatise
601 2073 636 2102 in
655 2075 724 2101 two
745 2071 863 2106 books,

179 2119 316 2149 written
331 2120 377 2157 by
391 2118 517 2148 Caesar
528 2117 628 2148 while
639 2116 792 2154 crossing
805 2116 863 2146 the

180 2164 262 2201 Alps
276 2164 365 2193 from
377 2163 465 2193 Gaul
476 2164 548 2193 into
561 2163 660 2200 Italy.
698 2161 863 2199 Compare

180 2209 308 2239 Gellius
327 2209 396 2238 xix.
417 2209 446 2238 8.
469 2209 487 2237 3
513 2207 548 2238 Ο.
574 2207 711 2243 Caesar,
726 2206 780 2236 vir
797 2214 864 2235 ser-

122 2252 124 2254 ’
180 2254 290 2284 monis
325 2256 464 2291 praeter
500 2253 586 2283 alios
624 2260 705 2282 suae
740 2251 864 2281 aetatis

180 2299 376 2334 castissimi,
389 2300 428 2328 in
443 2298 538 2328 libris
553 2306 636 2336 quos
651 2298 696 2326 ad
716 2296 760 2326 M.
775 2296 865 2327 Cice-

179 2351 296 2373 ronem
317 2343 367 2372 De
382 2342 554 2379 Analoqz'a
575 2341 774 2378 conscripsit
793 2340 861 2378 (i.e.

180 2389 262 2427 they
279 2397 366 2418 were
381 2387 557 2418 dedicated
572 2389 607 2417 to
621 2384 769 2423 Cicero).

896 1845 948 1876 Cf.
970 1854 1002 1883 p.
1025 1846 1072 1881 17,
1094 1853 1128 1874 n.
1149 1845 1179 1874 5.
1219 1843 1234 1864 4
1255 1843 1398 1873 ‘kicked
1418 1842 1502 1879 out‚’
1524 1842 1579 1872 i.e.

896 1891 1007 1921 words
1027 1890 1140 1919 whose
1159 1889 1220 1919 life
1240 1889 1303 1918 has
1326 1889 1411 1918 been
1435 1887 1580 1917 trodden

896 1938 967 1972 out,
1014 1934 1175 1964 obsolete.
1245 1933 1411 1971 Compare
1452 1932 1459 1946 ‘
1472 1931 1578 1968 trite,'

897 1981 987 2010 from
995 1979 1096 2010 Latin
1108 1980 1221 2009 tritus.
1250 1977 1264 2000 ⁵
1277 1978 1284 1992 ‘
1296 1976 1466 2008 unusual!
1494 1976 1509 1998 θ
1521 1982 1582 2007 no-

897 2023 1026 2055 vitatis
1066 2023 1189 2060 durae,
1224 2031 1263 2053 as
1300 2031 1322 2053 a
1353 2021 1504 2060 genitive
1543 2020 1581 2051 of

897 2070 1041 2109 quality,
1057 2070 1118 2099 has
1134 2067 1319 2106 adjectival
1333 2067 1445 2103 value,
1460 2066 1528 2096 and
1542 2074 1580 2096 so

897 2124 961 2146 can
982 2115 1022 2144 be
1046 2114 1161 2152 joined
1181 2114 1227 2151 by
1254 2121 1317 2151 que
1338 2115 1375 2141 to
1407 2111 1582 2141 insolenti-

899 2160 971 2190 bus.
1026 2158 1038 2180 ⁷
1061 2157 1253 2188 ‘uncouth.’
1294 2156 1454 2187 Contrast
1478 2155 1581 2193 lepidi

899 2208 999 2243 atque
1020 2203 1141 2242 festivi·
1168 2202 1352 2238 mendacii,
1373 2210 1406 2239 p.
1427 2201 1477 2238 30,
1491 2200 1515 2230 1.
1531 2200 1579 2230 13.

899 2250 912 2271 8
933 2248 1098 2286 ‘failing.'
1139 2247 1153 2269 ⁹
1173 2247 1224 2277 Sc.
1241 2246 1421 2277 omnibus:
1440 2246 1447 2260 ‘
1459 2245 1489 2276 is
1502 2253 1582 2284 gen-

899 2294 1007 2332 erally
1016 2292 1219 2324 accounted:
1241 2291 1268 2313 1⁰
1282 2289 1580 2328 ‘common-place!

899 2338 927 2360 u
947 2338 1099 2377 ‘vulgar,
1128 2336 1305 2376 plebeiam!
1356 2335 1384 2357 12
1414 2335 1468 2366 ‘in
1503 2342 1582 2373 gen-

900 2383 994 2415 eral.’
