1748 2704
216 184 268 223 84

215 885 253 915 10

213 1209 251 1238 15

211 1527 251 1556 20

719 182 880 216 AULUS
911 182 1117 216 GELLIUS

287 295 431 336 statim
459 302 597 335 ceram
625 296 813 336 desiliret
840 308 1035 347 praeceps
1068 296 1114 334 in
1141 308 1263 335 mare.
1322 300 1346 320 “
1358 297 1497 337 Home
1508 297 1532 318 ''
1557 297 1618 337 111-

286 360 379 411 quit
400 360 494 399 “ibi
513 360 695 410 territus,
718 367 790 411 spe
810 367 922 399 omni
945 364 1056 399 vitae
1076 360 1251 411 perdita,
1266 360 1312 400 id
1330 367 1459 400 unum
1473 365 1618 412 postea

286 424 432 474 eravit,
453 428 512 474 ut,
533 425 776 476 priusquam
804 428 978 464 mortem
1007 423 1230 476 obpeteret,
1251 425 1422 465 induere
1450 426 1617 477 permit-

285 492 422 528 terent
459 488 559 528 sua1
591 489 671 528 sibi
708 489 847 528 omnia
883 488 1152 528 indumenta2
1183 493 1225 528 et
1256 489 1360 529 fides
1397 502 1541 541 capere
1574 494 1617 530 et

285 565 430 592 canere
468 566 633 592 carmen
670 560 789 593 casus
827 553 942 593 illius
980 560 1045 593 sui
1082 554 1341 593 censelabile.
1409 555 1536 594 Feres
1573 558 1617 594 et

284 618 472 657 inmanes
492 618 656 657 navitas
676 618 938 669 prelubium8
956 621 1096 657 tamen
1123 618 1320 657 audiendi
1342 618 1475 669 subit;
1506 619 1617 670 quod

285 686 486 732 eraverat,
500 682 707 734 impetrat.
765 682 905 734 Atque
925 682 984 722 ibi
1003 696 1099 722 mox
1114 683 1166 722 de
1184 689 1296 722 mere
1312 682 1483 733 cinctus,
1497 683 1617 723 amic-

283 750 363 796 tus,
397 750 566 786 ernatus
597 751 794 798 stansque
823 747 869 785 in
899 759 1082 787 summae
1111 747 1264 798 puppis
1292 746 1412 797 for6,⁴
1438 759 1614 798 carmen,

284 812 395 862 quod
419 811 626 851 Orthium⁵
649 811 813 862 dicitur,
835 818 934 851 vece
963 810 1271 851 sublatissima⁶
1295 811 1490 851 cantavit.
1547 811 1617 862 Ad

283 875 516 927 postrema⁷
535 880 680 916 cantus
710 888 803 915 cum
826 875 978 916 fidibus
1008 879 1238 927 ernatsique
1266 882 1390 926 omni,
1411 879 1519 916 sicut
1538 879 1618 916 stae
1642 912 1646 917 .

282 941 355 980 bat
374 941 639 991 canebatque,
656 940 755 979 iecit
775 947 864 980 sese
884 940 1027 991 procul
1042 940 1086 978 in
1101 940 1364 991 profundum.
1421 940 1613 991 Navitae,

282 1004 595 1056 hautquaquam
632 1005 883 1054 dubitantes,
915 1011 1018 1056 quin
1055 1008 1243 1055 perisset,
1278 1017 1454 1054 cursum,
1492 1017 1616 1056 quem

282 1070 419 1108 facere
449 1073 680 1120 coeperant,
714 1073 949 1108 tenuerunt.
1007 1069 1090 1108 Sed
1125 1082 1279 1108 novum
1315 1072 1358 1108 et
1393 1075 1545 1107 mirum
1573 1072 1617 1108 et

282 1134 399 1185 pium
410 1133 424 1155 ⁸
442 1134 605 1173 facinus
620 1134 834 1183 contigit.”
890 1133 1147 1184 Delphinum
1170 1137 1340 1184 repente
1355 1133 1464 1172 inter
1483 1133 1616 1173 undas

283 1198 502 1238 adnavisse
534 1198 800 1249 fluitantique
833 1204 922 1237 sese
959 1198 1119 1236 homini
1156 1197 1390 1237 subdidisse
1423 1201 1465 1236 et
1495 1197 1616 1237 dorse

283 1275 406 1314 super
433 1263 584 1302 fluctus
614 1263 727 1302 edite
755 1261 986 1301 vectavisse
1019 1261 1298 1312 incolumique
1326 1274 1420 1300 eum
1448 1273 1615 1312 corpore

283 1331 326 1366 et
362 1331 511 1366 ernatu
548 1326 805 1366 Taenarum⁹
833 1326 879 1364 in
910 1329 1064 1365 terram
1103 1326 1350 1365 Laconicam
1387 1325 1613 1364 devexisse.

282 1392 390 1430 Tum
427 1391 624 1430 Arionem
657 1397 826 1442 prersus
859 1403 911 1429 ex
943 1397 991 1430 60
1021 1390 1111 1429 loce
1141 1390 1387 1430 Corinthum
1416 1389 1615 1440 petivisse

282 1455 491 1506 talemque
518 1455 748 1494 Periandro
775 1461 875 1505 regi,
901 1454 1037 1505 qualis
1066 1454 1264 1505 delphine
1292 1457 1436 1493 vectus
1464 1453 1614 1504 fuerat,

282 1520 518 1570 inopinanti
537 1526 626 1559 sese
654 1519 856 1570 optulisse
876 1525 995 1570 eique
1023 1531 1121 1568 rem,
1143 1522 1268 1558 sicuti
1290 1518 1506 1567 acciderat,
1525 1524 1616 1558 nar-

282 1584 450 1623 ravisse.
507 1585 665 1633 Regem
680 1584 809 1623 istaec
824 1596 971 1634 parum
983 1582 1010 1604 ¹⁰
1020 1582 1258 1632 credidisse,
1272 1582 1482 1631 Arionem,
1496 1581 1615 1633 quasi

282 1648 460 1697 falleret,
491 1649 693 1687 custediri
719 1648 902 1697 iussisse,
932 1647 1097 1686 navitas
1126 1647 1361 1698 inquisitas,
1388 1644 1615 1696 ablegaton

282 1712 449 1762 Arione,
479 1712 792 1751 dissimulanter
824 1712 1112 1762 interrogasse,
1142 1711 1291 1762 ecquid
1327 1711 1542 1750 audissent
1569 1710 1615 1749 in

281 1776 347 1816 his
363 1777 476 1826 locis,
492 1777 602 1815 unde
617 1776 842 1826 venissent,
860 1788 982 1827 super
998 1776 1162 1814 Arione.
1219 1776 1302 1814 Ees
1318 1775 1473 1814 dixisse
1487 1774 1616 1814 homi-

281 1853 388 1891 nem,
410 1853 502 1880 cum
522 1841 619 1879 inde
642 1844 763 1890 irent,
784 1841 829 1878 in
847 1844 960 1879 terra
987 1832 1115 1879 italia
1132 1839 1264 1878 fuisse
1292 1851 1467 1889 eumque
1480 1837 1507 1860 ¹²
1524 1838 1613 1878 illic

282 1905 385 1944 bene
410 1905 568 1955 agitare
588 1908 629 1944 et
650 1904 800 1944 studiis
830 1904 1257 1954 delectatienibusque
1285 1903 1450 1942 urbium
1467 1902 1614 1942 flerere

282 1973 407 2021 atque
439 1969 485 2008 in
517 1969 652 2020 gratia
680 1968 937 2021 pecuniaque
973 1974 1125 2018 magna
1161 1967 1404 2019 opulentum
1431 1967 1616 2006 fortuna-

280 2109 374 2140 lsua
385 2107 470 2139 sibi:
493 2109 538 2140 ef.
551 2118 582 2147 p.
592 2109 724 2146 53‚n.2.
761 2107 897 2139 ²‘vest-
931 2107 1013 2146 high
1039 2116 1061 2138 a
1086 2107 1156 2146 key
1180 2107 1258 2137 that
1284 2107 1352 2137 few
1375 2105 1488 2137 voices
1513 2105 1614 2137 could

212 2155 347 2193 meuts,’
363 2155 418 2185 i.e.
435 2155 492 2185 the
513 2154 607 2185 dress
621 2154 732 2184 which
751 2154 793 2184 he
807 2162 896 2184 wore
931 2153 1032 2183 reach
1041 2153 1079 2182 it.
1111 2152 1126 2174 ⁶
1139 2153 1147 2167 ‘
1158 2152 1345 2190 extremely
1354 2151 1475 2182 shrilL'
1507 2149 1614 2182 ⁷here

213 2203 250 2230 at
270 2200 323 2230 his
347 2200 460 2238 public
483 2200 747 2238 performances.
787 2198 802 2220 ⁸
823 2199 897 2229 ‘de·
931 2207 952 2229 a
974 2207 1078 2234 noun,
1103 2197 1339 2228 ‘conclusiom’
1380 2197 1394 2218 8
1414 2196 1612 2235 ‘graeious.’

213 2245 302 2275 sire.’
343 2245 357 2265 4
377 2245 467 2275 from
488 2245 607 2282 forus,
637 2246 676 2274 ‘a
703 2244 894 2283 gangway.’
930 2243 945 2265 ⁹
965 2243 995 2273 A
1009 2246 1229 2281 promontory
1242 2245 1279 2272 at
1293 2243 1350 2272 the
1367 2242 1528 2272 southern
1548 2241 1614 2272 end

212 2289 226 2311 ὅ
246 2290 316 2320 The
338 2285 485 2321 Carmen
509 2289 668 2320 Orthium
687 2298 757 2320 was
777 2298 821 2319 an
842 2298 897 2319 ex·
931 2289 968 2318 of
999 2288 1159 2324 Laconia,
1191 2287 1227 2317 in
1260 2286 1395 2318 Greece.
1437 2285 1465 2308 1⁰
1483 2292 1614 2325 parum

212 2335 358 2373 tremely
385 2335 536 2365 familiar
566 2338 647 2365 tune
681 2343 806 2372 among
838 2335 896 2364 the
931 2332 1140 2364 credidisse:
1173 2333 1262 2363 ‘was
1287 2332 1382 2362 loath
1414 2334 1451 2362 to
1483 2331 1614 2362 believe

213 2380 353 2410 Greeks.
395 2380 443 2410 Its
470 2380 736 2418 distinguishing
760 2380 896 2410 charae·
931 2379 999 2409 this
1013 2378 1132 2416 story.’
1182 2377 1210 2399 11
1232 2377 1434 2408 ‘removed.'
1485 2375 1514 2398 12
1531 2382 1614 2408 em

212 2425 344 2455 tex-istic
358 2433 428 2455 was
441 2425 518 2455 that
532 2425 560 2454 it
573 2433 644 2455 was
658 2424 795 2463 pitched
809 2424 845 2454 in
859 2432 896 2454 so
934 2445 940 2453 .
959 2445 966 2453 .
985 2445 992 2453 .
1007 2430 1102 2453 esse:
1125 2423 1169 2453 cf.
1185 2431 1218 2461 p.
1233 2423 1282 2459 83,
1297 2431 1331 2452 n.
1347 2422 1396 2452 12.
