1734 2600
190 121 243 161 74

192 818 230 847 10

193 1141 229 1169 15

194 1461 233 1490 20

690 121 850 154 AULUS
883 122 1089 155 GELLIUS

259 234 354 274 fuit.
412 235 528 273 Tunc
554 235 686 274 omnis
714 235 801 274 eius
829 235 1102 274 sectaterum¹
1122 235 1265 276 cohors
1289 236 1342 275 ad
1364 248 1457 275 eum
1481 242 1589 275 acce-

261 299 334 348 dit,
356 298 546 337 erantes²
564 300 918 350 obsecrantesque,
938 303 986 338 ut
1011 300 1100 350 ipse
1127 300 1325 350 deligeret
1341 300 1432 339 ,loci
1457 306 1522 339 sui
1547 303 1590 339 et

260 363 490 412 magisterii
528 370 815 412 successerem,
850 363 956 413 que3
988 367 1083 414 post
1120 377 1325 403 summum
1358 364 1446 404 eius
1480 363 1589 403 diem

260 427 431 477 proinde
468 431 516 465 ut
552 427 644 477 ipse
680 431 895 465 uterentur
934 428 987 466 ad
1019 428 1157 467 studia
1189 429 1468 467 doctrinarum
1500 440 1591 466 con-

260 490 437 541 plenda4
473 491 789 541 excolendaque,
829 491 978 542 quibus
1025 492 1076 530 ab
1121 498 1169 531 ee
1214 492 1351 530 inbuti
1395 492 1587 531 fuissent.

260 556 393 593 Erant
418 559 516 594 tunc
540 555 584 592 in
611 555 698 594 eius
727 555 850 594 lude⁵
877 556 975 594 boni
1002 556 1136 605 multi,
1158 556 1230 595 sed
1257 556 1469 606 praecipui
1497 556 1589 605 duo,

261 619 570 669 Theophrastus
600 623 642 658 et
669 620 891 659 Eudemus.
950 619 1124 669 Ingenie
1156 619 1202 657 hi
1234 622 1358 670 atque
1391 620 1590 659 doctrinis

261 687 417 722 ceteres
437 683 726 734 praestabant3
758 683 863 722 alter
882 696 933 722 ex
952 684 1091 723 insula
1113 684 1246 723 Lesbo
1268 683 1363 732 fuit,
1379 684 1590 723 Eudemus

261 751 399 785 autem
418 747 577 785 Rhode.
635 747 885 786 Aristoteles
912 747 1126 798 respondit
1144 748 1354 786 facturum
1373 759 1462 786 esse
1482 747 1593 798 quod

260 811 429 861 vellent,
451 824 543 850 cum
555 810 569 832 ⁶
587 811 631 849 id
651 811 730 850 sibi
749 812 860 850 foret
878 815 1183 862 tempestivum.
1595 822 1597 824 ·

326 877 479 914 Postea
507 876 622 914 brevi
647 879 831 926 tempore
860 888 953 914 cum
981 876 1090 913 idem
1118 875 1194 925 illi,
1215 882 1288 926 qui
1315 876 1366 914 de
1393 875 1593 925 magistre

262 940 531 979 destinande⁷
577 940 796 990 petierant,
841 943 1079 990 praesentes
1126 943 1276 989 essent,
1300 933 1467 978 'vinum
1519 939 1591 989 ait,

262 1005 371 1055 quod
399 1008 489 1043 tum
527 1004 695 1053 biberet,
725 1010 809 1042 nen
839 1016 929 1043 esse
957 1004 1001 1042 id
1028 1003 1105 1042 ex⁸
1131 1003 1370 1042 valetudine
1405 1009 1490 1052 sua,
1520 1003 1594 1043 sed

262 1068 471 1107 insalubre
491 1081 580 1107 esse
601 1072 725 1118 atque
745 1067 962 1118 asperum⁹
980 1075 1026 1107 ac
1046 1072 1265 1119 propterea
1283 1073 1427 1118 quaeri
1446 1067 1593 1106 debere

262 1131 511 1182 exeticum,¹⁰
529 1132 595 1171 vel
624 1132 836 1171 Rhodium
869 1132 1038 1182 aliquod
1065 1132 1132 1170 vel
1165 1132 1371 1171 Lesbium.
1429 1132 1481 1170 Id
1513 1131 1593 1171 sibi

261 1200 483 1247 utrumque
503 1201 550 1235 ut
570 1200 762 1235 curarent
773 1195 800 1217 ¹¹
819 1197 981 1247 petivit,
1002 1203 1254 1246 usurumque
1277 1202 1325 1235 6ὀ
1345 1196 1463 1245 dixit,
1484 1195 1594 1246 quod

263 1268 351 1300 sese
389 1261 521 1310 magis
559 1261 744 1300 iuvisset.
803 1261 929 1310 Eunt,
969 1265 1184 1311 quaerunt,
1219 1260 1449 1309 inveniunt,
1484 1259 1594 1298 adfe-

263 1329 370 1363 runt.
429 1326 535 1363 Tum
564 1325 813 1364 Aristoteles
842 1325 1053 1363 Rhodium
1081 1324 1200 1375 petit,
1228 1325 1441 1375 degustat:
1472 1324 1595 1362 “Fir-

263 1403 375 1428 mum
391 1389 414 1409 '⁷
427 1388 454 1410 ¹²
490 1389 629 1439 inquit
681 1389 854 1427 “hercle
891 1395 1035 1427 vinum
1073 1392 1115 1427 et
1152 1388 1413 1427 iucundum.''
1478 1387 1595 1427 Petit

264 1467 360 1492 mox
374 1453 580 1492 Lesbium.
639 1454 728 1499 Que
742 1453 844 1492 item
859 1454 1099 1503 degustate:
1132 1457 1155 1476 “
1168 1455 1405 1503 Utrumque
1417 1452 1441 1473 '⁷
1456 1451 1596 1502 inquit

266 1522 288 1541 “
301 1517 491 1568 oppide13
526 1518 690 1567 bonum,
725 1518 797 1557 sed
833 1519 943 1568 ἡδίων
958 1517 984 1538 ¹⁴
1003 1520 1023 1557 ὁ
1042 1518 1244 1567 Λέσβιος.”
1301 1517 1353 1555 Id
1383 1516 1455 1555 ubi
1474 1515 1594 1565 dixit,

263 1582 422 1620 nemini
447 1581 532 1620 fuit
557 1582 739 1631 dubium,
761 1589 863 1632 quin
888 1582 1024 1632 lepide
1051 1581 1175 1620 simul
1195 1585 1237 1620 et
1255 1581 1484 1620 verecunde
1509 1591 1596 1619 suc-

265 1653 468 1685 cesserem
493 1645 569 1684 illa
594 1653 692 1684 vece
719 1646 810 1695 sibi,
831 1653 914 1684 nen
933 1652 1077 1684 vinum
1103 1645 1334 1695 delegisset.
1393 1645 1437 1684 Is
1460 1647 1549 1683 erat
1571 1649 1594 1683 e

265 1711 399 1749 Lesbo
444 1710 768 1761 Theophrastus,
807 1710 1014 1749 suavitate
1059 1709 1182 1748 homo
1227 1715 1383 1760 insigni
1428 1708 1594 1758 linguae

263 1818 276 1840 1
295 1819 508 1856 ‘-followers‚’
525 1819 533 1834 ‘
544 1819 679 1857 pupils.’
720 1818 735 1839 2
754 1819 877 1857 plural,
913 1819 1040 1849 branch
1054 1819 1091 1848 of
1103 1819 1269 1857 learning.
1312 1817 1326 1839 5
1342 1831 1372 1842 =
1387 1817 1549 1854 diatriba,
1559 1826 1591 1855 p.

196 1873 234 1894 as
249 1865 410 1902 agreeing
422 1865 506 1894 with
521 1865 578 1894 the
592 1864 766 1894 collective
787 1873 878 1893 noun
913 1864 999 1900 73,1.
1019 1864 1067 1893 20.
1115 1863 1129 1885 6
1148 1870 1228 1893 cum
1244 1885 1252 1893 .
1271 1885 1277 1892 .
1296 1886 1303 1892 .
1318 1862 1592 1900 tempestivum:

196 1908 332 1939 cohors.
381 1909 395 1930 ⁸
416 1908 484 1947 que
509 1932 515 1938 .
540 1931 547 1939 .
574 1931 580 1938 .
602 1908 791 1939 uterentur
824 1918 880 1939 ex·
914 1909 1027 1938 ‘when
1042 1908 1100 1938 the
1115 1917 1236 1946 proper
1250 1908 1333 1937 time
1349 1907 1468 1937 came.’
1509 1907 1596 1937 How

196 1963 328 1992 presses
367 1963 522 1992 purpose.
577 1954 709 1984 Render
748 1954 879 1984 ‘whose
913 1953 1090 1991 literally?
1131 1952 1143 1974 ⁷
1157 1966 1186 1976 =
1201 1953 1367 1990 eligendo.
1409 1952 1423 1973 8
1442 1958 1487 1982 ox
1496 1952 1596 1982 bears

185 2000 362 2038 guidanee
377 2000 458 2037 they
472 2000 581 2036 might
595 1999 711 2029 follow
722 1999 812 2029 after
826 1999 879 2028 his
915 1999 972 2028 the
1001 2006 1093 2028 same
1120 1991 1279 2036 meaning
1305 1998 1384 2028 here
1411 2005 1449 2027 as
1472 1997 1512 2026 in
1537 1997 1596 2027 the

197 2045 300 2074 death
319 2045 512 2083 (summum
527 2043 634 2081 diem)
650 2053 734 2074 even
749 2053 787 2074 as
798 2045 880 2082 they
914 2052 1069 2073 common
1093 2044 1215 2081 phrase
1239 2051 1277 2072 ex
1301 2051 1337 2072 re
1357 2042 1518 2080 publica:
1540 2050 1596 2072 see

200 2090 279 2126 (had
289 2090 459 2127 followed)
472 2090 541 2119 him
553 2090 711 2120 himself!
745 2089 879 2119 4There
915 2089 1094 2127 p.30,n.7.
1135 2088 1150 2109 ⁹
1171 2087 1284 2118 ‘tart.'
1326 2087 1354 2108 1⁰
1378 2087 1439 2125 (sc.
1455 2085 1591 2124 vinum)

197 2135 226 2164 is
240 2143 260 2164 a
274 2137 426 2164 contrast
440 2136 592 2165 between
607 2134 805 2172 conplenda
823 2142 880 2164 ex·
917 2133 1091 2171 ‘foreign.'
1146 2132 1172 2154 11
1195 2133 1202 2147 ¹
1213 2132 1377 2171 provide,'
1417 2132 1424 2146 ‘
1435 2131 1595 2161 furnish?

197 2178 414 2217 colendaque
427 2179 448 2217 (‘
460 2183 494 2209 to
504 2180 668 2217 complete
679 2180 745 2209 and
757 2189 879 2217 pursue
916 2178 943 2199 12
965 2178 1123 2216 ‘strong.’
1166 2177 1208 2208 So
1227 2186 1278 2208 we
1299 2186 1361 2215 say
1374 2177 1450 2207 that
1465 2175 1597 2207 certain

197 2227 233 2254 to
257 2225 314 2254 the
339 2225 403 2254 end
416 2224 439 2261 ’)
462 2225 529 2254 and
553 2223 680 2254 inbuti.
729 2225 794 2254 For
824 2225 879 2254 the
914 2224 1019 2253 wines
1039 2224 1126 2253 have
1148 2223 1187 2253 ‘a
1207 2222 1294 2261 good
1312 2221 1424 2260 body!
1474 2220 1502 2242 1⁸
1523 2221 1598 2251 ‘ex-

197 2270 289 2299 force
304 2269 339 2299 of
360 2278 398 2299 ea:
414 2269 449 2298 in
467 2269 701 2307 composition,
717 2278 771 2299 see
786 2279 816 2307 p.
830 2270 878 2305 35,
915 2268 1076 2306 tremely.'
1117 2268 1186 2298 The
1200 2261 1294 2298 word
1313 2267 1452 2304 belongs
1466 2265 1598 2304 mainly

197 2322 229 2342 n.
247 2314 274 2342 1.
313 2312 468 2342 Imbuere
493 2313 521 2343 is
546 2313 640 2343 often
664 2313 746 2342 used
770 2313 806 2342 of
832 2313 881 2342 in·
915 2316 951 2343 to
974 2312 1154 2351 colloquial
1177 2312 1288 2342 Latin.
1327 2311 1356 2332 14
1376 2312 1477 2350 ἡδίων
1498 2311 1516 2342 ὁ
1537 2311 1597 2342 Λέ-

197 2357 336 2396 itiating
369 2358 427 2388 the
460 2358 600 2389 student
632 2357 705 2388 into
733 2366 753 2389 a
779 2357 881 2396 given
916 2359 1027 2398 σβιοςε
1043 2358 1117 2387 'the
1127 2357 1271 2387 Lesbian
1280 2356 1309 2387 is
1317 2356 1374 2386 the
1384 2354 1596 2394 pleasanter.'
