1734 2600
148 149 198 188 24

147 855 185 884 10

147 1174 185 1203 15

146 1622 185 1652 20

652 149 812 183 AULUS
841 150 1046 184 GELLIUS

283 262 481 302 Consules
514 266 604 302 tum
641 264 813 303 fuerunt
845 261 887 304 C.
923 265 1138 305 Fabricius
1171 269 1213 305 et
1249 267 1294 313 Q.
1329 266 1546 307 Aemilius.

216 327 409 376 Litteras,
431 333 534 378 quas
555 328 607 366 ad
626 335 764 378 regem
783 330 963 380 Pyrrum
983 342 1107 381 super
1125 336 1173 369 ea
1192 337 1315 370 causa
1333 334 1547 382 miserunt,

214 391 414 431 Claudius
435 392 730 442 Quadrigarius
751 393 917 444 scripsit
936 393 1068 433 fuisse
1086 394 1163 434 hoc
1183 394 1391 446 exemplo:
1406 394 1419 416 ¹

283 457 521 496 “Consules
558 457 738 496 Romani
775 457 977 496 salutem2
1003 459 1147 498 dicunt
1179 460 1312 510 Pyrro
1345 466 1441 509 regi.

281 521 369 560 Nos
396 527 469 572 pro
492 524 576 560 tuis
605 521 770 561 iniuriis
799 522 1006 562 continuis
1035 523 1197 562 animo-‘⁵
1214 527 1335 563 tenus
1355 528 1550 564 commoti

215 585 439 624 inimiciter
453 589 590 625 tecum
605 585 759 625 bellare
772 587 996 626 studemus.
1038 587 1118 627 Sed
1130 587 1356 627 communis
1369 588 1550 639 exempli

216 654 258 688 et
289 650 389 689 fidei
425 650 546 700 ergo4
576 650 741 700 visum‚⁵
772 654 820 689 ut
852 655 894 690 te
928 652 1087 691 salvum
1124 652 1314 702 velimus,
1342 656 1391 691 ut
1427 656 1548 702 esset,

216 727 338 765 quem
376 722 501 754 armis
539 715 704 754 vincere
743 722 967 766 possemus.
1035 715 1105 755 Ad
1140 722 1215 755 nos
1251 716 1368 755 venit
1403 716 1549 756 Nicias

216 779 435 819 familiaris
464 783 573 829 tuus,
594 786 668 830 qui
696 779 775 819 sibi
804 780 1033 831 praemium
1059 786 1084 819 a
1108 781 1227 820 nobis
1255 784 1425 831 peteret,
1447 787 1483 820 si
1507 784 1550 820 te

216 844 322 883 clam
351 843 659 884 interfecisset.⁶
711 845 760 883 Id
783 851 856 883 nos
876 845 1119 894 negavimus
1137 844 1257 894 velle,
1274 857 1378 884 neve
1393 845 1444 884 ob
1459 857 1550 884 eam

216 921 302 947 rem
325 909 546 959 quicquam
569 909 773 947 commodi
798 908 1084 959 exspectaret,⁷
1105 912 1148 947 et
1171 908 1293 948 simul
1316 915 1453 948 visum
1473 913 1548 959 est,

215 977 262 1012 ut
281 977 322 1012 te
342 973 558 1012 certiorem
578 973 819 1022 faceremus,
840 980 891 1012 ne
912 973 1013 1024 quid
1032 973 1245 1022 eiusmodi,
1263 979 1299 1012 si
1318 973 1547 1023 accidisset,

216 1041 357 1077 nostro
384 1037 557 1076 consilio
585 1037 776 1076 civitates
804 1041 1002 1088 putarent
1029 1037 1200 1086 factum,
1228 1041 1270 1076 et
1292 1037 1403 1087 quod
1428 1037 1550 1077 nobis

216 1109 299 1141 non
331 1101 467 1152 placet
499 1101 632 1152 pretio
665 1106 737 1140 aut
769 1101 953 1153 praemio
984 1105 1057 1141 aut
1085 1101 1192 1141 dolis
1222 1107 1416 1153 pugnare.
1473 1101 1549 1152 Tu,

216 1166 298 1206 nisi
327 1172 459 1215 caves,
486 1165 703 1205 iacebis.⁸''

819 1273 892 1313 IV.
922 1273 948 1313 8

216 1368 305 1404 Quid
326 1368 362 1399 G.
386 1368 563 1400 Fabricius
584 1368 625 1399 de
646 1367 801 1399 Cornelio
822 1367 968 1399 Rfifin69
988 1367 1125 1398 homine
1148 1369 1253 1399 avaro
1275 1367 1412 1405 dixerit,
1437 1375 1549 1406 quem,

279 1427 356 1449 cum
382 1418 509 1449 odisset
544 1418 766 1457 inimIcusque
801 1421 901 1454 esset,
929 1417 1175 1456 designandum
1186 1415 1213 1438 1⁰
1231 1419 1346 1447 tamen
1378 1416 1550 1448 consulem

279 1468 423 1499 curavit.

282 1547 497 1587 Fabricius
517 1547 721 1587 Luscinus
741 1553 891 1597 magna
916 1546 1047 1597 gloria
1064 1547 1130 1585 vir
1156 1552 1401 1597 magnisque
1428 1545 1550 1586 rebus

217 1617 344 1663 gestis
354 1612 381 1633 ¹¹
408 1612 501 1651 fuit.
559 1613 604 1651 P.
621 1612 835 1652 Cornelius
855 1611 1034 1651 Rufinus
1053 1617 1179 1650 manu
1190 1610 1217 1632 ¹²
1233 1610 1400 1662 quidem
1412 1609 1439 1633 ¹³
1453 1614 1551 1650 stre-

215 1719 228 1741 1
250 1720 257 1734 ‘
268 1720 434 1758 purport.’
475 1718 489 1740 2
509 1718 665 1749 sall-item
690 1717 829 1749 dicunt:
860 1719 934 1757 sect
948 1721 1054 1748 tense.
1095 1718 1176 1748 This
1189 1716 1352 1756 principle
1366 1717 1395 1748 is
1409 1717 1447 1747 os
1462 1716 1550 1747 wide

149 1766 292 1795 ‘extend
311 1765 507 1804 greetings’
548 1764 563 1785 3
582 1763 701 1794 αιιὶιηδ
725 1765 831 1794 tenus
866 1763 1073 1802 application
1099 1763 1135 1793 in
1162 1762 1274 1793 Latin.
1315 1762 1401 1792 How
1420 1762 1502 1793 does
1521 1762 1551 1792 it

147 1810 330 1841 commoti:
385 1810 528 1840 ‘stirred
572 1812 608 1839 to
650 1810 708 1839 the
748 1818 832 1847 very
866 1809 969 1847 apply
996 1810 1076 1839 here
1092 1809 1109 1838 ?
1149 1807 1162 1830 ⁷
1181 1808 1251 1838 The
1278 1807 1497 1846 subjunctive
1520 1807 1550 1838 is

147 1856 268 1894 depths
292 1856 328 1885 of
355 1864 417 1885 our
431 1855 569 1885 heartsff
600 1855 669 1884 The
686 1854 832 1892 preposi-
867 1856 902 1884 to
916 1854 957 1884 be
972 1853 1150 1892 explained
1165 1861 1203 1883 as
1217 1853 1252 1882 in
1269 1854 1378 1883 oratio
1398 1852 1547 1891 obliqua.

147 1901 220 1930 tion
268 1903 365 1930 tenus
408 1899 581 1938 regularly
618 1899 751 1929 follows
786 1899 832 1929 its
866 1898 935 1928 The
949 1898 1084 1928 consuls
1110 1898 1200 1928 said:
1243 1897 1297 1928 Ne
1324 1900 1487 1935 exspecta,
1510 1905 1550 1927 or

147 1955 250 1976 noun.
291 1945 305 1966 4
322 1958 351 1969 =
369 1954 485 1975 causa.
526 1944 540 1966 5
560 1944 612 1975 Cf.
644 1945 757 1975 visum
783 1947 832 1974 est
867 1944 937 1974 noli
963 1946 1165 1981 exspectare.
1198 1941 1483 1980 Sliterally‘will
1503 1941 1550 1972 lie

147 1991 265 2026 below,
289 1991 311 2019 l.
334 1991 381 2020 11.
442 1990 456 2011 ⁶
476 1990 546 2020 The
579 1990 678 2019 mood
711 1989 747 2019 of
780 1987 832 2019 in-
866 1989 1060 2027 prostrate,'
1082 1988 1137 2018 i.e.
1164 1996 1233 2026 you
1255 1987 1326 2018 will
1353 1987 1394 2018 be
1417 1995 1439 2018 a
1461 1986 1549 2018 dead

147 2034 355 2066 terfficisset
394 2035 423 2065 is
456 2035 521 2065 due
555 2037 590 2064 to
624 2035 682 2064 the
721 2034 830 2064 oratio
866 2042 956 2064 man.

148 2081 295 2119 obliqua.
337 2081 407 2110 The
430 2084 519 2110 tense
534 2080 563 2110 is
577 2080 642 2109 due
657 2082 692 2109 to
707 2088 727 2110 a
741 2079 832 2117 prin·
933 2078 947 2100 ⁹
966 2079 1003 2108 P.
1019 2078 1197 2109 Cornelius
1217 2076 1361 2108 Rufinus
1381 2085 1452 2108 was
1472 2085 1549 2107 con-

147 2126 234 2164 ciple
260 2126 382 2161 which,
411 2126 465 2155 sor
497 2125 576 2155 lack
603 2125 640 2154 of
672 2133 693 2154 a
719 2125 831 2155 better
866 2124 919 2154 sul
935 2124 970 2153 in
984 2124 1042 2154 290
1062 2123 1129 2154 and
1149 2124 1206 2154 277
1228 2130 1296 2153 B.c.
1312 2122 1380 2153 and
1400 2122 1549 2152 dictator

147 2180 257 2207 name,
271 2180 320 2201 we
335 2179 415 2209 may
429 2170 495 2200 call
511 2170 829 2208 ‘tense—accuracy,'
866 2169 901 2199 in
934 2170 1001 2199 280.
1043 2168 1071 2190 1⁰
1093 2168 1262 2199 ‘elected'
1304 2166 1331 2189 Π
1351 2167 1405 2198 Cf.
1435 2176 1468 2205 p.
1495 2167 1546 2203 22,

147 2216 215 2246 and
242 2216 351 2246 which
378 2224 458 2253 may
485 2216 526 2245 be
557 2215 764 2245 formulated
792 2223 830 2244 as
865 2215 887 2244 l.
921 2215 949 2244 1.
1014 2213 1042 2234 12
1063 2213 1117 2243 ‘in
1165 2212 1323 2251 personal
1374 2212 1546 2251 prowess.’

147 2261 296 2291 follows:
333 2260 378 2290 Of
405 2263 472 2290 two
495 2263 575 2298 past
602 2260 744 2295 actions,
773 2260 830 2289 the
866 2259 893 2280 1⁸
913 2258 1122 2289 Correlative
1156 2261 1191 2288 to
1225 2256 1298 2294 aed,
1327 2266 1360 2296 p.
1387 2258 1437 2294 25,
1471 2257 1494 2287 1.
1516 2258 1546 2288 2.

146 2306 239 2344 prior
256 2306 285 2336 is
306 2305 484 2343 expressed
506 2306 551 2343 by
566 2305 623 2334 the
640 2304 829 2341 pluperfect
865 2305 962 2335 Since
989 2304 1127 2342 quidem
1154 2303 1271 2333 marks
1294 2311 1316 2333 a
1339 2302 1546 2339 concession,

147 2354 258 2387 tense;
294 2351 330 2380 of
356 2354 424 2380 two
449 2351 575 2387 future
603 2350 744 2386 actions,
772 2349 829 2380 the
865 2350 1002 2388 quidem
1021 2371 1028 2378 .
1053 2370 1060 2378 .
1085 2371 1092 2378 .
1114 2349 1442 2387 sed=quamquam
1467 2369 1475 2376 .
1502 2369 1510 2377 .
1537 2369 1546 2377 .

146 2396 238 2434 prior
252 2396 281 2425 is
295 2396 474 2433 expressed
489 2395 534 2433 by
547 2395 605 2425 the
618 2395 742 2432 future
752 2402 830 2432 per·
865 2397 991 2424 tamen.
