1734 2600
124 731 126 733 ·
188 720 406 759 invisitata
433 722 506 757 aut
524 718 660 757 forma
687 719 776 755 erat
804 718 876 754 aut,
903 714 1069 753 ferocia.

591 150 776 186 NOCTES
805 148 1033 189 ATTICAE,
1059 149 1107 181 V.
1132 147 1174 180 14
1536 143 1588 182 55

184 271 263 311 hoc
291 273 441 318 autem,
461 267 571 319 quod
601 266 646 305 in
675 265 781 304 libro
811 264 1147 314 Aeqyptiacbrum
1167 265 1314 312 quinto
1340 259 1519 311 scripsit,

185 346 319 386 neque
355 333 519 373 audisse
555 342 689 381 neque
726 329 889 378 legisse,
927 328 1001 367 sed
1036 327 1175 377 ipsum
1213 332 1302 365 sese
1339 325 1384 364 ‘m
1419 324 1521 364 urbe

186 401 320 439 Roma
346 397 502 436 vidisse
531 395 660 434 oculis
690 400 776 434 suis
804 392 1036 432 confirmat.

254 466 278 487 “
290 463 343 501 In
361 459 506 502 Circol
523 459 709 499 Maximo
721 459 744 478 ’²
764 457 903 508 inquit
923 460 946 480 ‘⁴
958 454 1192 495 venationis
1205 453 1219 475 ²
1239 454 1522 505 amplissimae

187 534 327 579 pugna
363 525 516 577 populo
564 524 749 563 dabatur.
816 514 920 560 Eius
961 527 1033 569 rei,
1070 521 1228 559 Romae
1275 531 1367 558 cum
1414 519 1523 556 forte

188 604 332 640 essem,
371 593 578 641 spectator
590 588 613 608 ''
651 586 791 638 inquit:
828 586 939 624 “fuj.
996 584 1157 623 Multae
1194 583 1253 623 ibi
1291 583 1523 623 saevientes

187 656 313 704 ferae,
343 652 677 704 magnitudinesss
706 650 933 690 bestiarum
970 648 1219 688 excellentes
1258 647 1524 697 omniumque

1129 713 1210 752 Sed
1233 716 1396 763 praeter
1409 711 1423 733 ⁴
1442 711 1526 750 alia

189 784 329 824 omnia
364 784 530 823 leonum
542 782 566 802 ⁷²
604 780 743 832 inquit
780 783 803 803 “
815 777 1079 818 immanitas⁶
1116 775 1406 816 admirationjfl
1441 775 1526 814 fuit

189 847 475 901 praeterque&
494 852 628 886 omnis
666 849 822 884 ceteros
860 850 979 883 smus.
1036 843 1081 882 Is
1109 848 1216 881 smus
1249 841 1314 880 leo
1345 840 1526 891 corporis

190 914 351 964 impetu
386 915 428 951 et
464 909 721 951 vastitudine
767 907 1028 958 terrificoque
1077 906 1249 945 fremitu
1289 909 1331 944 et
1368 911 1526 953 sonoro,

189 977 316 1018 toris⁷
334 983 543 1027 comisque
562 981 769 1014 cervicum
791 972 1103 1020 fluctuantibus,
1125 971 1284 1010 animos
1308 970 1528 1020 oculosque

191 1042 376 1081 omnium
395 1041 440 1079 in
455 1047 544 1079 sese
567 1042 836 1078 converterat.
894 1036 1163 1075 Introductus
1190 1038 1279 1073 erat
1298 1034 1407 1072 inter
1426 1046 1530 1072 com-

191 1107 324 1158 pluris
361 1108 518 1144 ceteros
551 1104 605 1142 ad
636 1109 818 1154 pugnam
854 1100 1080 1140 bestiarum
1114 1100 1235 1138 datus
1274 1111 1417 1138 servus
1448 1098 1530 1136 viri

193 1169 446 1219 consulari53
485 1175 524 1207 ei
553 1173 671 1207 servo
699 1165 934 1205 Androclus
971 1170 1122 1204 nomen
1150 1163 1245 1202 fuit.
1303 1164 1429 1201 Hunc
1457 1162 1530 1200 ille

193 1235 258 1274 leo
289 1234 361 1273 ubi
393 1233 503 1272 vidit
534 1231 689 1283 procul,
722 1234 892 1281 repente
906 1230 928 1249 '²
963 1229 1101 1279 inquil:
1134 1227 1290 1279 “quasi
1321 1228 1530 1266 admirans

194 1299 314 1339 stetit
336 1305 383 1337 ac
406 1297 556 1337 deinde
585 1295 740 1335 sensim
771 1299 894 1345 atque
922 1293 1097 1345 placide,
1117 1296 1330 1342 tamquam
1359 1291 1533 1330 noscita-

194 1362 386 1412 bundus‚⁸
405 1363 459 1402 ad
476 1361 687 1400 hominem
707 1359 876 1399 accedit.
934 1360 1042 1397 Tum
1070 1358 1242 1396 caudam
1272 1363 1383 1395 more
1407 1360 1532 1406 atque

195 1432 280 1467 ritu
299 1426 560 1466 adulantium
588 1438 737 1464 canum
756 1424 980 1463 clementer
999 1426 1041 1461 et
1059 1422 1210 1461 blande
1239 1424 1378 1459 movet
1405 1420 1533 1458 homi-

195 1492 344 1543 nisque
364 1490 432 1531 se⁹
451 1496 611 1541 corpori
630 1488 820 1538 adiungit
842 1495 1042 1538 cruraque
1062 1487 1149 1526 eius
1170 1490 1212 1525 et
1230 1492 1390 1534 manus,
1406 1496 1533 1535 prope
1565 1493 1605 1523 20

197 1557 282 1596 iam
319 1555 546 1594 exanimati
575 1557 700 1602 metu,
731 1553 876 1602 lingua
907 1552 1057 1590 leniter
1094 1549 1341 1590 demulcet.¹⁰
1395 1550 1535 1587 Homo

198 1620 432 1659 Androclus
452 1619 562 1658 inter
581 1618 657 1656 illa
674 1621 760 1656 tam
790 1616 940 1655 atrocis
961 1616 1074 1654 ferae
1102 1615 1389 1654 blandimenta
1416 1613 1536 1652 amis-

199 1698 291 1725 sum
319 1684 503 1723 animum
532 1685 758 1733 recuperat,
778 1680 982 1732 paulatim
1012 1679 1151 1719 oculos
1178 1679 1231 1718 ad
1256 1675 1534 1717 contuendum

199 1805 272 1835 sion
287 1807 323 1835 to
334 1804 475 1843 Apion's
495 1804 636 1840 conceit,
651 1804 709 1834 the
730 1811 884 1841 emperor
919 1798 934 1820 ⁸
952 1798 1218 1838 magnitudines
1255 1822 1261 1829 .
1331 1823 1338 1830 .
1366 1800 1601 1832 excellentes:

1559 848 1599 877 10

1562 1167 1599 1197 15

198 1849 355 1880 Tiberius
368 1850 451 1880 used
464 1852 501 1880 to
515 1850 581 1880 call
602 1849 674 1879 him
689 1848 883 1886 cymbalum

199 1895 331 1924 mundi.

267 1938 281 1960 1
301 1940 367 1969 For
380 1948 401 1969 a
415 1940 501 1978 good
515 1939 720 1977 description
735 1939 772 1969 of
785 1947 806 1969 a
819 1939 883 1969 Ro-

200 1993 280 2014 man
297 1984 416 2021 circus,
432 1993 487 2015 see
510 1985 588 2015 Lew
602 1984 783 2014 Wallace’s
807 1984 883 2014 Ben

199 2029 289 2066 Hur,
304 2030 400 2059 Book
414 2030 456 2065 V,
471 2030 612 2067 chapter
633 2029 709 2059 XII.
750 2028 765 2049 2
784 2038 882 2059 vena-

200 2074 247 2104 tio
267 2074 296 2104 is
311 2083 331 2104 a
345 2074 513 2104 technical
531 2077 618 2104 term
632 2074 668 2104 of
688 2074 745 2104 the
766 2082 881 2109 arena,

199 2119 363 2158 denoting
375 2120 433 2150 the
447 2122 597 2150 contests
613 2119 650 2149 of
670 2120 784 2149 beasts
801 2119 883 2148 with

199 2172 265 2195 one
285 2165 426 2195 another
446 2174 484 2194 or
500 2165 584 2195 with
604 2165 730 2194 human
752 2164 880 2201 beings.

200 2209 247 2239 As
267 2218 289 2240 a
308 2213 541 2248 commentary
566 2219 609 2239 on
637 2207 883 2247 amplissimae

198 2263 250 2285 we
282 2263 364 2293 may
396 2255 499 2285 recall
532 2255 591 2285 the
618 2257 713 2293 story
740 2254 811 2284 told
838 2255 883 2292 by

201 2298 380 2330 Suetonius
401 2301 478 2330 that
501 2303 538 2330 at
558 2301 616 2330 the
638 2300 763 2329 formal
785 2308 884 2337 open-

199 2343 259 2382 ing
277 2345 314 2374 οἱ
337 2345 395 2375 the
425 2345 593 2375 Coliseum
621 2345 688 2375 five
714 2344 883 2375 thousand

199 2389 314 2420 beasts
339 2398 429 2420 were
455 2390 543 2420 slain
570 2390 605 2420 in
629 2398 650 2419 a
673 2389 780 2428 single
802 2389 882 2427 day.

921 1845 928 1859 ‘
939 1845 1055 1875 beasts
1062 1846 1099 1874 ot
1110 1845 1319 1883 preeminent
1329 1846 1421 1876 size.’
1454 1847 1507 1877 Cf.
1518 1849 1604 1884 p.56,

918 1890 941 1919 l.
964 1891 1012 1927 12,
1036 1895 1233 1928 camporum
1260 1895 1292 1920 et
1317 1900 1503 1922 arenarum
1527 1893 1605 1922 solz·-

919 1937 1077 1974 tudines;
1099 1936 1172 1966 also
1182 1946 1214 1974 p.
1226 1937 1273 1972 16,
1290 1946 1321 1966 n.
1336 1938 1384 1967 16.
1424 1936 1438 1958 4
1458 1939 1605 1974 praeter

918 1982 996 2012 here
1011 1995 1041 2006 =
1058 1982 1065 1996 ‘
1077 1982 1235 2020 beyond‚'
1247 1982 1314 2011 and
1344 1991 1458 2012 serves
1486 1989 1521 2012 to
1550 1992 1606 2012 ex-

918 2036 1012 2064 press
1039 2036 1060 2057 a
1084 2027 1309 2065 comparison.
1351 2027 1366 2047 ⁵
1388 2028 1497 2063 ‘size,’
1513 2037 1605 2066 espe-

918 2072 1021 2110 cially
1054 2073 1122 2103 size
1155 2072 1266 2102 which
1298 2073 1442 2111 inspires
1481 2076 1602 2103 terror.

918 2117 932 2138 6
952 2126 972 2147 a
998 2118 1170 2155 predicate
1203 2118 1320 2148 dative
1335 2131 1364 2142 =
1378 2127 1398 2148 a
1431 2119 1603 2156 predicate

918 2163 1098 2201 adjective,
1133 2163 1362 2193 admirabilis.
1404 2163 1418 2185 ⁷
1440 2164 1602 2194 ‘brawn.’

918 2208 1093 2251 Pssopeley,
1123 2211 1218 2238 torus
1232 2221 1261 2233 =
1277 2217 1297 2238 a
1325 2209 1437 2239 bunch
1466 2210 1503 2239 of
1535 2218 1604 2248 any

919 2256 1001 2290 sort,
1017 2262 1055 2283 as
1075 2262 1096 2284 a
1117 2253 1202 2283 knot
1223 2263 1266 2283 on
1281 2262 1302 2284 a
1317 2263 1407 2292 rope,
1424 2263 1444 2284 a
1465 2258 1549 2291 tree,
1565 2264 1604 2285 or

919 2298 1015 2336 vine;
1037 2299 1116 2329 here
1130 2299 1158 2328 it
1173 2299 1202 2328 is
1217 2299 1299 2329 used
1314 2299 1350 2329 of
1371 2300 1428 2330 the
1449 2300 1604 2338 swelling

918 2344 1073 2373 muscles.
1116 2344 1130 2365 ⁸
1151 2344 1158 2358 ‘
1171 2344 1411 2383 recognizing.’
1453 2345 1466 2366 9
1487 2345 1525 2375 εδ
1545 2344 1604 2375 ad-

918 2387 1055 2427 iungit:
1079 2389 1086 2403 ‘
1098 2389 1178 2419 rubs
1193 2389 1351 2427 against.’
1395 2388 1421 2409 1⁰
1444 2390 1450 2403 ‘
1465 2390 1575 2420 licks.’
