1702 2658
180 189 232 229 88

185 886 222 916 10

184 1389 222 1418 15

183 1711 222 1741 20

685 190 847 224 AULUS
878 191 1083 225 GELLIUS

251 301 397 353 gorae¹
428 303 607 354 cuipiam
640 310 704 343 res
739 305 939 355 quasdam
972 305 1154 345 occultas
1191 305 1385 345 nuntiare
1422 306 1582 347 furtive

252 370 406 418 scripte
426 367 601 406 Volebat.
660 368 996 408 Comminiscitur
1008 368 1022 390 ²
1041 373 1227 420 opertum
1247 368 1324 409 hoc
1348 370 1582 410 litterarum

252 432 551 470 admirandum.
611 432 738 471 Serve
758 439 832 472 sue
851 432 925 471 diu
943 433 1081 473 ocules
1102 440 1244 484 aegros
1263 434 1435 474 habenti
1459 435 1583 486 capil-

252 496 338 534 lum
371 508 422 534 ex
455 495 590 546 capite
624 502 737 534 omni
773 500 986 549 tamquam
1023 498 1217 537 medendi
1249 498 1384 548 gratia
1418 499 1582 539 deradit

252 563 457 611 caputque
469 560 483 582 ³
502 560 589 600 eius
609 560 701 599 leve
721 561 765 599 in
784 561 1019 600 litterarum
1035 562 1190 602 formas
1210 563 1447 614 conpungit.
1499 564 1582 604 His

253 624 418 674 litteris,
435 637 539 676 quae
558 624 757 675 voluerat,
774 625 1027 676 perscripsit,
1043 624 1252 665 hominem
1275 630 1430 677 postea,
1446 627 1582 678 quoad

253 689 427 739 capillus
451 689 714 738 adolesceret,
737 689 858 728 dome
880 690 1096 729 continuit.
1155 691 1240 730 Ubi
1260 690 1303 729 id
1322 691 1481 730 factum
1505 695 1580 741 est,

253 759 312 791 ire
332 753 385 792 ad
404 753 676 804 Aristagoran
694 753 811 792 iubet
830 757 872 792 et
892 754 1029 793 “Cum
1051 754 1104 793 ad
1122 766 1215 793 eum
1228 755 1251 774 ⁷'
1272 754 1409 806 inquit
1430 758 1453 778 ‘⁴
1466 761 1583 794 vene-

253 817 322 866 ris,
360 818 579 857 mandasse
612 824 678 856 me
714 818 853 867 dicito,
892 821 939 856 ut
972 821 1096 869 caput
1134 821 1265 868 tuum,
1306 822 1414 858 sicut
1451 825 1583 870 nuper

254 885 415 931 egomet
444 882 537 931 feci,
571 882 780 921 deradat.''
838 882 1002 931 Servus,
1033 886 1081 921 ut
1113 882 1361 933 imperatum
1398 886 1498 932 erat,
1529 883 1583 922 ad

254 946 526 996 Aristagoran
553 946 671 984 venit
698 946 1022 996 mandatumque
1051 946 1209 984 domini
1236 946 1384 985 adfert.
1442 946 1582 998 Atque

254 1010 337 1058 ille,
358 1009 425 1048 id⁴
443 1016 526 1049 nen
545 1022 633 1050 esse
653 1010 812 1049 frustra
830 1013 957 1060 ratus,
974 1010 1085 1061 quod
1103 1013 1192 1049 erat
1206 1010 1447 1050 mandatum
1466 1010 1580 1050 fecit.

253 1074 323 1113 Ita
341 1074 505 1114 litterae
524 1074 708 1126 perlatae
720 1074 734 1095 ⁵
752 1078 861 1114 sunt.

812 1221 952 1262 XVII.
974 1221 1026 1260 10

435 1307 525 1343 Quid
539 1308 580 1340 de
594 1307 748 1340 versibus
762 1290 906 1347 Vergilii
914 1307 929 1330 ⁶
941 1307 1130 1339 Favorinus
1139 1307 1153 1330 ⁷
1166 1308 1394 1339 existumarit.

318 1381 571 1419 Favorinum
600 1379 907 1431 philosophum,
939 1392 1032 1418 cum
1062 1379 1107 1417 in
1134 1379 1314 1430 hospitis
1344 1385 1411 1419 sui
1438 1378 1584 1419 Antia-

253 1443 363 1483 tem⁸
399 1444 543 1483 villam
581 1443 725 1483 aests1⁹
761 1450 860 1482 anni
896 1443 1167 1483 concessisset
1205 1449 1363 1494 nosque
1399 1444 1453 1483 ad
1489 1456 1583 1483 eum

252 1508 478 1547 videndum
516 1509 651 1547 Roma
680 1507 948 1557 venissemus,
982 1507 1154 1546 memini
1186 1519 1309 1558 super
1337 1511 1461 1558 poeta
1486 1508 1585 1548 Ver-

253 1572 354 1623 gilio
383 1572 428 1610 in
456 1572 566 1611 hunc
595 1572 727 1610 ferme
759 1572 927 1610 modum
955 1571 1177 1611 disserere:
1210 1574 1233 1594 “
1245 1570 1384 1610 Amici
1395 1572 1418 1591 '⁷
1445 1571 1584 1622 inquit

254 1636 600 1687 “familiaresque
644 1636 691 1674 P.
730 1635 908 1685 Vergilii
950 1635 994 1673 in
1009 1634 1036 1657 ¹⁰
1070 1635 1149 1684 his,
1187 1647 1293 1686 quae
1330 1635 1382 1674 de
1417 1635 1584 1685 ingenie

252 1701 516 1751 moribusque
546 1700 633 1740 eius
662 1700 883 1738 memoriae
911 1699 1185 1748 tradiderunt,
1206 1700 1341 1738 dicere
1369 1711 1463 1738 eum
1491 1699 1584 1739 soli-

253 1768 343 1804 tum
379 1765 532 1814 ferunt,
552 1776 696 1815 parere
708 1763 734 1785 ¹¹
762 1770 806 1803 se
833 1770 977 1803 versus
1014 1770 1127 1803 mere
1159 1767 1284 1814 atque
1312 1767 1398 1802 ritu
1428 1769 1580 1803 ursine.

183 1894 280 1922 court
307 1891 367 1921 of.’
408 1891 544 1928 Darius,
572 1890 767 1929 suspeeting
794 1890 866 1920 him

184 1937 221 1967 of
243 1937 433 1975 treachery,
447 1936 515 1966 had
529 1935 727 1966 summoned
746 1936 817 1965 him
830 1938 866 1966 to

184 1983 242 2012 the
255 1985 352 2012 court
366 1982 434 2012 and
447 1981 560 2012 would
578 1983 638 2011 not
658 1981 781 2019 permit
794 1981 865 2011 him

184 2027 360 2065 todepart.

250 2071 263 2093 1
281 2072 498 2111 Aristagoras
512 2080 582 2102 was
598 2070 867 2102 brother-in-law

184 2117 220 2147 of
233 2117 419 2147 Histiaeus.
461 2116 475 2137 2
490 2117 560 2147 ‘He
570 2116 702 2147 devises
712 2116 780 2146 this
788 2125 866 2154 way

184 2162 220 2191 of
246 2162 391 2200 secretly
413 2162 550 2200 writing
576 2161 641 2198 (his
668 2160 863 2199 message).’

184 2208 348 2244 opertum
369 2208 397 2237 is
418 2208 497 2237 here
517 2216 537 2237 a
561 2216 664 2243 noun,
688 2207 695 2220 ‘
708 2206 863 2244 secrecy!

183 2251 197 2272 ⁸
220 2253 330 2289 caput
347 2274 354 2281 .
374 2274 380 2281 .
398 2274 404 2282 .
423 2250 634 2290 conpungit:
658 2251 708 2281 Le.
735 2251 776 2281 he
800 2254 866 2281 tat-

183 2299 258 2326 toos
269 2297 327 2327 the
336 2305 488 2334 message
498 2305 540 2326 on
550 2297 602 2326 his
612 2296 708 2327 head.
735 2295 749 2316 4
761 2294 799 2326 id
813 2318 820 2325 .
836 2318 843 2325 .
858 2317 866 2325 .

182 2342 303 2372 ratus:
328 2343 335 2356 ⁴
346 2342 508 2380 thinking
521 2342 598 2371 that
612 2341 680 2371 this
696 2341 867 2379 (proceed-

183 2385 256 2425 ing)
282 2394 351 2416 was
374 2389 433 2416 not
453 2386 599 2416 without
622 2385 863 2424 signifieanceff

183 2431 222 2461 In
235 2430 416 2470 colloquial
430 2431 531 2462 Latin
540 2432 679 2469 fmstru
696 2431 791 2461 often
803 2431 865 2461 has

901 1889 1086 1929 adiectival
1101 1889 1212 1926 value,
1227 1890 1326 1920 when
1344 1889 1485 1928 coupled
1498 1889 1585 1920 with

900 1943 980 1965 esse.
1021 1934 1035 1956 ⁵
1057 1935 1146 1965 ‘was
1164 1935 1296 1965 carried
1316 1937 1352 1973 to
1369 1935 1415 1965 its
1435 1934 1585 1965 destina-

901 1980 996 2010 tion.’
1034 1980 1122 2010 Note
1143 1980 1201 2010 the
1221 1980 1314 2010 force
1327 1980 1364 2010 of
1383 1980 1442 2010 the
1460 1979 1581 2018 prefix.

900 2025 914 2047 ⁶
927 2025 965 2055 P.
977 2025 1147 2063 Vergilius
1158 2025 1265 2062 Maro,
1276 2026 1333 2055 the
1343 2020 1583 2063 great'Roman

900 2073 978 2108 poet
997 2070 1107 2108 (ΤΟ-19
1121 2071 1224 2107 B.c.),
1239 2071 1314 2101 best
1330 2070 1456 2100 known
1470 2069 1517 2108 by
1529 2069 1584 2100 his

900 2119 996 2154 great
1032 2115 1106 2153 epic
1142 2124 1240 2153 poem
1278 2115 1421 2145 entitled
1458 2114 1583 2145 Aeneis

902 2159 1075 2198 (Aeneid).
1116 2158 1131 2181 7
1151 2160 1212 2190 See
1239 2159 1485 2196 Introduction,
1509 2158 1527 2197 §
1549 2159 1580 2189 5.

901 2205 914 2227 8
926 2204 1110 2235 Antiatem
1136 2203 1284 2235 vinam:
1312 2213 1333 2235 a
1354 2204 1438 2235 villa
1458 2207 1496 2235 at
1516 2204 1584 2234 An-

901 2251 999 2287 tium,
1014 2259 1035 2280 a
1055 2253 1147 2280 town
1161 2249 1198 2279 os
1217 2249 1364 2286 Latium,
1379 2250 1513 2280 famous
1527 2249 1583 2279 sor

900 2296 945 2325 its
959 2295 1083 2333 temple
1097 2295 1134 2324 of
1147 2295 1309 2325 Fortuna.
1350 2294 1364 2315 ⁹
1377 2293 1484 2324 aean-1
1497 2293 1584 2324 anni

904 2343 1065 2371 :aestate
1076 2348 1087 2376 ‚·
1106 2340 1150 2370 cf.
1159 2349 1221 2370 our
1229 2340 1360 2378 phrase,
1375 2341 1381 2352 ⁴
1392 2340 1450 2370 the
1459 2338 1583 2370 heated

900 2385 1012 2416 term.’
1047 2383 1074 2405 1⁰
1083 2383 1122 2414 in
1131 2382 1187 2414 his
1199 2391 1308 2422 quae:
1332 2384 1340 2398 ⁴
1352 2392 1475 2422 among
1485 2384 1582 2415 those

902 2430 1016 2469 things
1029 2429 1163 2461 which.’
1205 2428 1232 2450 11
1254 2430 1261 2443 ‘
1272 2429 1465 2468 produced.’
