1734 2600
155 1011 193 1040 10

157 1332 194 1362 15

157 1653 196 1682 20

653 138 815 172 AULUS
847 138 1053 172 GELLIUS

218 252 335 291 Haec
363 251 474 291 enim
502 252 651 302 omnia,
676 258 713 291 si
737 258 914 301 ignoras,
947 258 1065 302 signa
1090 264 1179 292 esse
1207 259 1363 292 irarum
1391 252 1552 292 solent!

218 316 274 354 Et
311 315 434 355 simul
472 316 526 355 ad
563 329 666 364 eum,
706 322 779 366 qui
823 316 1031 366 caedebat,
1061 328 1293 366 conversus,
1329 316 1528 355 ‘Interim
1542 316 1553 337 ’

218 379 357 431 inquit
377 383 388 403 ‘
403 380 501 419 dum
521 391 595 429 ego
614 383 738 430 atque
757 379 825 418 hic
845 380 1119 431 disputamus,
1139 384 1187 419 tsi
1204 379 1282 420 hoc
1294 379 1307 401 ¹
1325 381 1425 430 age.’
1439 380 1462 401 ''

818 503 877 542 ΙΙ.
907 503 960 543 29

414 599 584 637 Apologus
593 598 608 620 2
621 598 767 637 Aesepiss
781 599 925 637 Phrygis
938 601 1128 630 memoratfi
1144 603 1210 630 non
1224 599 1367 630 instilis.

286 679 475 730 Aesopus
506 679 577 717 ille
609 685 630 717 e
660 678 871 730 Phrygia*
899 679 1109 718 fabulator
1140 679 1243 718 haut
1272 678 1466 718 inmerito
1496 690 1556 718 sa-

220 744 339 794 piens
359 743 621 782 existimatus
645 746 719 792 est,
741 743 861 792 cum,⁵
880 755 985 794 quae
1005 743 1153 782 fitilia⁶
1171 743 1332 782 monitsi
1352 749 1556 793 suasfique

221 811 350 856 erant,
371 814 454 846 non
483 814 624 846 severe
652 819 785 857 neque
813 807 1034 858 imperiose
1062 807 1272 858 praecepit
1300 810 1342 846 et
1369 805 1557 856 censuit?

220 876 269 910 ut
290 871 549 922 philosophis
578 877 666 910 mos
696 875 770 920 est,
792 871 865 910 sed
884 871 1058 910 festivos
1087 871 1435 922 delectabilesque
1464 883 1557 921 apo-

221 936 336 986 loge->s
373 934 658 984 commentus?
693 942 758 974 res
797 935 1018 974 sambriter
1054 941 1100 974 ac
1138 935 1436 986 prospicienter
1473 934 1556 974 ani-

221 1001 459 1039 madversas
479 1000 523 1037 in
542 1003 701 1038 mentes
726 999 966 1050 animosque
994 999 1209 1037 hominum
1237 1012 1331 1038 cum
1360 999 1557 1038 audiendi

222 1065 400 1115 quadam
426 1063 657 1103 inlecebra⁹
675 1062 854 1102 induit.¹⁰
907 1063 1035 1103 Velut
1047 1062 1072 1084 ¹¹
1095 1064 1195 1102 haec
1225 1063 1313 1103 eius
1338 1063 1482 1102 fabula
1506 1063 1558 1102 de

222 1129 408 1168 aviculae
445 1128 589 1167 nidulo
626 1128 764 1178 lepide
801 1131 926 1178 atque
963 1127 1141 1166 incunda
1178 1131 1394 1178 prs->monet
1441 1139 1556 1178 spem

222 1193 505 1243 fidnciamque
538 1199 687 1241 rerum,
718 1198 820 1242 quas
853 1191 1011 1231 efficere
1041 1191 1134 1242 quis
1167 1192 1310 1242 possit,
1339 1192 1443 1230 haut
1473 1204 1558 1229 um-

223 1270 347 1308 quam
377 1257 421 1294 in
451 1257 544 1306 alio,
572 1257 645 1295 sed.
672 1256 718 1294 in
748 1256 970 1307 semetipso
999 1256 1244 1295 habendam.
1305 1255 1556 1294 “Avicula''

222 1322 361 1372 inquit
390 1324 489 1360 “est
517 1333 657 1371 parva,
680 1327 829 1360 nomen
857 1324 920 1359 est
947 1319 1141 1359 cassita.¹²
1194 1319 1372 1359 Habitat
1401 1319 1559 1358 nidula-

222 1390 372 1436 turque
409 1385 454 1423 in
495 1385 716 1434 segetibus,
754 1385 799 1423 id.
836 1385 968 1423 ferme
1015 1384 1226 1435 temporis,
1265 1387 1312 1422 ut
1351 1382 1560 1435 appetat¹⁸

223 1450 369 1489 messis
382 1449 408 1470 ¹⁴
444 1449 571 1499 pullis
610 1449 693 1488 iam
729 1449 813 1487 iam
852 1447 1178 1499 plamantibus.¹⁵
1232 1449 1296 1487 Ea
1331 1451 1484 1487 cassita
1515 1447 1560 1486 in

224 1518 427 1554 sementes
442 1513 467 1535 ¹⁶
503 1514 611 1552 forte
649 1517 910 1562 congesserat
947 1512 1301 1564 tempestiviores3
1341 1515 1560 1563 propterea

223 1579 446 1617 frflmentis
479 1567 799 1617 flavescentibns
812 1576 837 1599 ¹⁷
869 1577 976 1628 pulli
1004 1577 1130 1616 etiam
1158 1581 1257 1616 tunc
1287 1576 1520 1615 involucres
1533 1574 1560 1597 ¹⁸

225 1647 352 1683 erant.
410 1643 521 1681 Dum
557 1642 686 1692 igitur
726 1642 819 1693 ipsa
857 1645 936 1680 iret
974 1641 1112 1681 cibum
1149 1641 1276 1692 pullis
1314 1643 1558 1691 quaesitum,

226 1749 317 1780 11160
332 1756 415 1788 age:
440 1747 843 1786 originallyasacrificial
873 1748 939 1785 pit,
961 1748 1103 1784 censuit,
1126 1747 1193 1778 and
1212 1747 1338 1777 induit.
1377 1746 1458 1777 This
1485 1754 1563 1776 con-

159 1796 318 1831 sormu1a,
348 1797 429 1825 then
457 1804 477 1824 a
501 1794 682 1832 colloquial
709 1795 841 1831 phrase,

159 1842 268 1872 which
282 1854 311 1864 =
325 1841 332 1855 ‘
345 1840 429 1870 Give
451 1840 498 1870 all
517 1848 603 1877 your
624 1839 794 1869 attention
808 1842 844 1868 to

160 1887 218 1916 the
233 1889 358 1915 matter
375 1885 410 1914 in
425 1884 516 1914 hand
526 1885 533 1898 ⁷
546 1894 552 1922 ;
575 1885 655 1914 here
668 1897 698 1908 =
714 1884 721 1898 ‘
734 1883 783 1914 Go
801 1892 844 1913 on

160 1932 244 1962 with
258 1931 315 1961 the
330 1930 526 1968 wffipping!

227 1976 241 1996 2
265 1989 294 2000 =
305 1975 444 2013 sabula.
485 1974 500 1995 3
520 1975 630 2011 Aesop
660 1973 845 2004 flourished

161 2023 266 2052 about
276 2022 335 2051 570
345 2028 411 2050 B.c.
453 2020 522 2050 The
534 2020 644 2049 rables
655 2019 846 2057 commonly

162 2067 314 2097 ascribed
325 2069 360 2095 to
370 2065 440 2095 him
450 2073 507 2095 are
517 2068 576 2095 not
586 2065 675 2094 from
684 2065 736 2094 his
746 2064 846 2099 hand,

162 2115 198 2141 at
218 2112 306 2141 least
330 2111 365 2140 in
386 2110 476 2140 their
495 2112 632 2147 present
652 2110 753 2139 form.
794 2108 808 2129 4
828 2109 846 2139 δ

161 2154 318 2194 Phrygia
329 2169 358 2179 =
373 2164 416 2185 an
426 2155 595 2193 adjective
610 2163 616 2184 :
639 2155 684 2184 cf.
694 2154 847 2191 Phryyz’s

162 2203 197 2231 in
207 2202 264 2231 the
275 2201 362 2237 title,
374 2200 440 2230 and
450 2209 466 2229 e
476 2199 582 2229 Lesbo
599 2199 847 2236 Theophrastus

162 2247 234 2276 xiii.
249 2248 278 2275 5.
293 2246 346 2283 11;
376 2245 548 2283 quispiam
576 2245 668 2274 dives
695 2252 733 2273 επ
761 2242 847 2273 Asia

162 2291 233 2321 xix.
244 2292 271 2320 1.
282 2292 311 2326 7,
321 2291 384 2320 but
393 2290 532 2319 divitem
544 2288 644 2318 illum
653 2288 847 2318 Asiaticum

163 2337 234 2366 xix.
253 2337 282 2365 1.
301 2336 348 2365 11.
397 2333 411 2355 5
430 2340 511 2363 oum
529 2346 558 2357 =
573 2334 580 2348 ‘
593 2333 708 2370 since,’
733 2335 792 2370 yet
818 2332 848 2362 is

879 1793 1046 1823 struction
1068 1792 1196 1823 Gellius
1212 1792 1385 1822 borrowed
1401 1792 1491 1821 from
1504 1791 1562 1821 the

879 1838 1015 1868 archaic
1042 1838 1143 1867 Latin
1166 1837 1310 1867 writers.
1349 1836 1364 1858 ⁶
1378 1835 1487 1866 fitilla,
1503 1858 1510 1865 .
1528 1858 1535 1865 .
1553 1857 1561 1866 .

879 1882 1005 1913 suasfi:
1030 1885 1035 1896 ¹
1047 1882 1160 1913 useful
1168 1882 1339 1920 warnings
1349 1882 1416 1912 and
1426 1881 1563 1912 advice!

880 1927 932 1957 Cf.
955 1937 985 1965 p.
1005 1928 1054 1963 29,
1074 1936 1107 1957 n.
1125 1928 1155 1957 5.
1197 1927 1210 1948 ⁷
1234 1927 1402 1957 :docuit.
1443 1926 1457 1948 ⁸
1476 1926 1564 1956 from

881 1973 1119 2003 comminiscor
1148 1972 1202 2002 ‘to
1236 1972 1415 2009 compose.’
1463 1971 1477 1992 ⁹
1499 1971 1566 2001 ‘al-

881 2018 1059 2054 lurement,
1069 2017 1207 2048 charm.’
1234 2023 1314 2047 oum
1326 2039 1334 2046 .
1346 2039 1353 2046 .
1363 2039 1371 2046 .
1381 2014 1565 2046 inlecebra

884 2076 914 2087 =
930 2063 937 2077 ‘
951 2063 986 2092 in
1007 2071 1027 2092 a
1045 2071 1122 2100 way
1140 2063 1215 2092 that
1244 2061 1376 2092 enticed
1405 2061 1498 2091 them
1528 2063 1564 2090 to

881 2108 1007 2138 listen.’
1043 2107 1069 2128 10
1081 2109 1086 2120 ¹
1097 2106 1265 2137 instilled.'
1296 2105 1323 2127 11
1336 2106 1389 2136 Cf.
1397 2115 1428 2144 p.
1438 2106 1565 2140 2l‚n.4.

882 2152 909 2173 12
923 2153 996 2182 ‘the
1011 2152 1142 2182 crested
1156 2151 1258 2182 lark.’
1300 2150 1327 2171 18
1340 2163 1370 2174 =
1386 2151 1565 2188 appropin-

882 2200 971 2235 quet.
1014 2196 1041 2217 14
1056 2198 1063 2211 ‘
1075 2198 1132 2226 the
1146 2196 1309 2226 harvest!
1358 2195 1385 2216 1⁵
1399 2195 1407 2210 ‘
1419 2195 1566 2225 feather-

882 2242 960 2279 ing.’
1002 2241 1030 2263 1⁶
1044 2241 1219 2272 sementes
1229 2238 1518 2277 tempestiviorss
1531 2252 1560 2263 =

882 2288 888 2300 ‘
899 2295 979 2316 corn
989 2287 1066 2317 that
1075 2286 1211 2324 ripened
1221 2285 1344 2316 earlier
1353 2286 1436 2314 than
1448 2283 1565 2314 usual:

882 2332 977 2362 With
998 2334 1209 2369 conqesserat
1229 2339 1275 2360 sc.
1293 2330 1426 2360 nidum.
1470 2328 1498 2350 17
1511 2328 1564 2359 ct.

164 2381 304 2418 coupled
321 2380 406 2409 with
420 2379 477 2408 the
498 2378 700 2408 indicatives
713 2386 849 2415 praece·
876 2378 1005 2414 flavus.
1047 2376 1075 2398 1⁸
1097 2377 1104 2391 ‘
1116 2375 1316 2413 unfledged!
