1734 2600
581 135 766 170 NOCTES
797 134 1023 176 ATTICAE,
1056 135 1120 168 VI.
1156 136 1174 167 1
1528 136 1581 174 43

181 263 261 303 que
286 252 331 289 in
357 257 404 290 eo
430 250 540 290 bello
565 254 710 301 captae
739 248 965 289 rationem¹
991 249 1204 288 redderet:
1234 248 1374 288 fuerat
1402 248 1514 288 enim

181 317 226 355 L.
245 315 430 366 Scipioni
444 314 644 363 Asiatico,
661 314 785 353 fratri
805 320 891 363 suo,
907 313 1150 365 imperatori
1169 313 1214 352 in
1233 319 1282 352 ea
1299 313 1515 364 provincia

181 381 353 430 legatus.
415 379 483 418 Ibi
517 379 656 430 Scipio
690 378 879 428 exsurgit
911 382 965 428 et,
994 378 1157 430 prolato
1191 384 1213 416 e
1247 377 1366 418 sins1²
1392 382 1514 428 togae

181 445 298 494 libro,
325 443 508 483 rationes
537 443 582 481 in
610 449 658 482 eo
687 446 864 494 scriptas
893 455 983 482 esse
1013 442 1122 482 dixit
1150 442 1284 482 omnis
1314 442 1514 493 pecuniae

180 509 397 559 omnisque
427 508 604 559 praedae
617 523 626 557 ;
665 507 844 556 illatum,
872 511 922 546 ut
950 507 1090 558 palam
1118 506 1364 546 recitaretur
1394 510 1436 546 et
1464 507 1517 546 ad

181 573 411 613 aerarium3
435 573 681 611 deferretur.
740 572 860 611 “Sed
889 572 1000 610 enim
1029 572 1074 610 id
1100 571 1184 610 iam
1212 578 1297 611 non
1326 571 1480 610 faciam
1491 572 1514 592 '²

181 637 320 689 inquit
336 641 441 676 “nec
456 644 521 676 me
537 637 626 687 ipse
642 635 851 676 adficiam⁴
863 636 1154 685 contumelia‚''
1170 648 1347 687 eumque
1362 635 1516 675 librum

183 702 327 742 statim
350 709 487 742 coram
513 701 684 741 discidit
710 707 797 741 suis
823 701 1016 740 manibus
1044 704 1087 740 et
1115 700 1376 751 concerpsit,⁵
1395 707 1516 751 aegre

181 780 342 819 passus,
371 767 483 818 quod
514 765 608 805 cui⁶
639 766 752 806 salus
785 765 952 817 imperii
983 771 1031 805 ac
1063 765 1315 816 reipublicae
1348 769 1518 817 accepta

182 832 285 871 ferri
304 831 472 871 deberet
490 830 695 871 rationem
714 830 915 882 pecuniae
934 830 1157 882 praedatae
1176 833 1427 882 posceretur.

820 1001 949 1043 V1.1

250 1111 303 1150 Id
317 1111 444 1151 etiam
464 1111 600 1151 dicere
618 1111 723 1151 haut
742 1110 886 1162 piget‚⁷
899 1111 1012 1163 quod
1030 1110 1141 1150 idem
1160 1109 1254 1161 illi,⁸
1268 1117 1372 1163 quos
1392 1116 1519 1162 supra

144 1184 145 1187 ’
183 1176 408 1226 nominavi,
435 1176 590 1215 litteris
620 1176 925 1226 mandaverint,
955 1175 1192 1227 Scipionem
1222 1175 1334 1214 hunc
1357 1168 1520 1214 Istrica-

183 1253 283 1278 num
304 1240 539 1280 solitavisse
558 1241 693 1280 noctis
705 1239 720 1262 ⁹
741 1244 938 1290 extremo,
959 1240 1204 1291 priusquam
1227 1238 1520 1290 dilucularet,¹⁰

183 1304 229 1342 in
248 1304 502 1355 Capitolium
521 1304 729 1344 ventitare
742 1304 769 1326 ¹¹
790 1311 837 1344 ac
856 1304 999 1344 iubere
1019 1311 1175 1356 aperiri
1193 1304 1342 1344 cellam
1355 1303 1382 1325 ¹²
1403 1304 1517 1345 Iovis

184 1372 308 1420 atque
328 1369 388 1408 ibi
407 1369 541 1408 solum
557 1369 630 1408 diu
644 1369 861 1419 demorari,
877 1369 998 1420 quasi
1013 1369 1321 1409 consultantem
1336 1369 1387 1408 de
1402 1375 1519 1420 repu-

183 1433 292 1472 blica
320 1445 414 1472 cum
444 1433 556 1482 Iove,
587 1433 903 1485 aeditumosque
916 1433 943 1456 ¹³
971 1433 1061 1474 eius
1093 1433 1243 1485 templi
1276 1445 1398 1484 saepe
1428 1445 1518 1473 esse

184 1498 420 1547 demiratos,
441 1498 553 1548 quod
578 1497 713 1537 solum
736 1498 781 1537 id
805 1498 1005 1550 temporis
1030 1498 1076 1536 in
1102 1498 1359 1549 Capitolium
1386 1498 1520 1549 ingre-

184 1561 368 1600 dientem
375 1560 402 1583 ¹⁴
415 1568 537 1601 canes
554 1574 715 1613 semper
729 1562 775 1600 in
790 1562 894 1603 alios
911 1562 1144 1603 saevientes
1159 1574 1296 1614 neque
1314 1562 1518 1602 latrarent

184 1638 279 1665 eum
297 1638 432 1677 neque
451 1626 721 1665 incurrerent.

250 1691 342 1730 Has
361 1690 475 1740 volgi
494 1691 545 1729 de
566 1690 758 1742 Scipione
778 1690 994 1743 opiniones
1020 1690 1271 1731 confirmare
1296 1694 1422 1742 atque
1450 1703 1519 1743 ap-

251 1842 264 1864 1
283 1841 462 1874 ratissnem
474 1841 625 1874 reddere
639 1843 668 1873 is
683 1851 704 1873 a
717 1850 868 1873 mercan-
968 1842 982 1865 ⁷
1003 1842 1055 1874 So.
1077 1851 1142 1873 me.
1185 1842 1256 1874 The
1276 1842 1386 1874 whole
1409 1843 1531 1881 phrase

1545 838 1585 869 10

1548 1378 1586 1408 15

1546 1700 1588 1730 20

185 1889 244 1918 tile
263 1890 396 1926 phrase,
413 1890 420 1903 ‘
431 1892 467 1918 to
488 1889 610 1919 render
630 1897 675 1918 an
695 1888 866 1919 account.'
904 1887 938 1918 ‘1
952 1896 1008 1919 am
1022 1890 1083 1918 not
1097 1888 1276 1927 unwilling
1289 1889 1350 1919 to.’
1401 1888 1415 1910 8
1434 1889 1505 1919 The
1520 1889 1586 1919 ref-

184 1932 198 1953 2
221 1932 304 1963 sim-1
328 1934 436 1972 togae
459 1946 490 1958 =
513 1934 572 1964 the
598 1934 690 1964 loose
717 1933 808 1963 folds
830 1933 868 1963 of
902 1942 1020 1964 erence
1041 1934 1071 1964 is
1091 1936 1128 1964 to
1149 1934 1281 1964 certain
1304 1934 1526 1973 biographer-s

1549 1934 1586 1964 of

184 1979 242 2008 the
261 1982 353 2017 toga,
368 1979 479 2009 which
496 1979 702 2015 sometimes,
718 1987 757 2009 as
775 1979 865 2015 here,
901 1979 960 2009 the
987 1979 1081 2010 elder
1105 1979 1300 2010 Africanus.
1353 1979 1368 2001 9
1387 1978 1505 2010 noetis
1528 1986 1587 2010 ex-

184 2024 303 2054 served
327 2033 365 2054 as
390 2033 411 2054 a
434 2024 568 2062 pocket.
626 2023 641 2045 ⁸
662 2024 670 2038 ‘
683 2024 866 2062 treasmy!
900 2023 1035 2054 trEmc‘r:
1057 2025 1093 2054 in
1111 2025 1181 2055 this
1199 2033 1297 2055 sense
1317 2028 1469 2055 extrema
1490 2028 1585 2055 nocte

183 2069 198 2090 4
216 2068 437 2100 contumEIiE
452 2067 605 2099 adficere
619 2082 649 2093 =
666 2070 720 2099 ‘to
734 2069 865 2099 insult.’
902 2069 931 2099 is
955 2070 1013 2099 the
1037 2069 1174 2108 regular
1197 2070 1348 2100 formula
1370 2070 1406 2100 in
1429 2070 1586 2100 classical

184 2114 227 2145 So
259 2115 386 2145 honore
419 2115 561 2152 adficere
588 2127 618 2138 =
648 2115 704 2144 ‘to
734 2114 866 2144 honor.'
901 2114 1015 2144 Latin.
1050 2114 1103 2145 Cf.
1119 2124 1151 2152 p.
1164 2115 1213 2151 30,
1229 2124 1262 2145 n.
1276 2116 1324 2145 14.
1371 2114 1399 2136 1⁰
1418 2114 1471 2145 Cf.
1487 2124 1520 2153 p.
1535 2115 1585 2152 35,

183 2159 299 2190 ⁵from
315 2168 510 2197 concerpere
527 2172 557 2183 =
578 2160 632 2189 ‘to
646 2160 741 2190 tear!
783 2159 869 2189 ⁶cui
902 2168 935 2188 11.
957 2160 987 2189 3.
1054 2159 1082 2180 11
1103 2160 1157 2190 Cf.
1179 2169 1211 2198 p.
1237 2161 1286 2196 33,
1311 2169 1348 2190 n.
1372 2161 1402 2191 7.
1466 2159 1494 2181 12
1517 2161 1587 2191 The

186 2227 193 2235 .
225 2228 232 2235 .
263 2227 271 2236 .
299 2203 468 2236 d'dbssret:
505 2205 601 2234 ‘who
628 2205 736 2243 ought
762 2207 799 2234 to
825 2205 866 2235 be
901 2207 1097 2242 apartment
1123 2205 1159 2235 in
1185 2205 1297 2235 which
1322 2205 1381 2235 the
1408 2208 1523 2236 statue

1550 2206 1587 2236 of

182 2250 333 2280 credited
341 2251 425 2281 with
433 2250 562 2288 having
571 2250 675 2280 saved
686 2251 744 2280 the
755 2250 866 2280 state!
901 2250 1036 2288 Jupiter
1050 2250 1158 2280 stood.
1199 2250 1227 2271 1⁸
1242 2251 1422 2289 ‘keepers.’
1464 2250 1491 2272 14
1506 2251 1586 2281 Join

182 2304 254 2326 rem
266 2296 362 2333 ferre
378 2296 485 2326 alicui
500 2299 674 2333 acceptam
692 2296 722 2326 is
740 2304 761 2326 a
782 2304 868 2326 mer·
901 2295 985 2325 with
999 2302 1092 2331 eum,
1107 2295 1219 2326 which
1237 2296 1266 2326 is
1284 2296 1380 2326 itself
1393 2297 1587 2326 accusative

182 2341 308 2371 eantile
335 2341 470 2379 phrase,
496 2341 605 2371 which
628 2354 659 2365 =
684 2341 740 2371 ‘to
767 2344 820 2372 set
846 2349 868 2371 a
902 2341 993 2371 aster
1002 2339 1194 2371 latrarent.
1213 2341 1330 2372 Arare
1340 2341 1586 2379 construction,

184 2386 282 2423 thing
295 2385 394 2416 down
407 2389 443 2416 to
457 2385 550 2416 one’s
563 2385 695 2416 credit.’
902 2385 1058 2417 confined
1073 2389 1109 2416 to
1123 2390 1244 2425 poeti-y
1258 2386 1324 2417 and
1340 2386 1409 2417 late
1423 2395 1534 2425 prose.
