1734 2600
174 144 225 182 50

174 841 211 870 10

173 1163 210 1193 15

172 1486 212 1516 20

174 1802 213 1832 25

175 1933 352 1962 workman
380 1940 450 1962 was
477 1932 584 1962 called
613 1940 633 1961 a
663 1940 859 1961 mercenna-

677 144 837 178 AULUS
868 144 1073 178 GELLIUS

244 260 425 296 scentem
454 257 572 297 aiunt
591 262 725 298 victus
745 259 971 309 quaerendi
996 258 1128 308 gratia
1146 258 1192 298 in
1209 259 1438 298 mercedem
1450 258 1463 281 ²
1480 259 1575 300 mis-

244 334 335 360 sum
354 322 649 373 vecturasque²
676 335 845 361 onerum
874 335 1041 374 corpore
1070 329 1144 362 sue
1171 323 1443 373 factitavisse,
1464 324 1575 375 quod

244 386 397 434 genus³
417 386 564 425 Graeci
592 387 826 439 ἀχθοφόρους
846 391 1007 435 vocant,
1028 388 1176 426 Latine
1197 387 1375 427 batales*
1395 388 1575 438 appellae

243 463 345 489 mus.
403 451 446 490 Is
480 451 530 489 de
563 451 751 501 proxime
788 458 881 490 rure
918 451 1108 490 Abdera⁵
1138 451 1183 489 in
1211 452 1422 502 oppidum,
1457 446 1573 492 cuius

242 514 453 565 popularis
483 514 578 563 fuit,
612 514 827 554 caudices⁶
854 515 958 564 ligni
986 515 1186 565 plurimes
1215 515 1426 555 funicule⁷
1457 516 1574 555 brevi

243 579 516 618 circumdates
545 579 746 629 portabat.
804 580 910 617 Tum
939 579 1049 618 forte
1077 579 1366 629 Democritus,³
1387 580 1572 620 civitatis

243 643 427 682 eiusdem
456 643 572 692 civis,
598 643 721 682 home
750 647 847 682 ante
880 643 983 682 alies
1017 643 1186 682 virtutis
1215 648 1257 682 et
1284 644 1573 695 philosophiae

243 707 376 756 gratia
406 707 676 756 venerandus,
707 719 800 745 cum
831 707 1093 756 egrederetur
1126 712 1244 746 extra
1271 708 1426 756 urbem,
1458 708 1574 747 videt

243 783 453 824 eum'cum
481 771 554 810 ille
579 783 725 820 genere
749 771 884 810 oneris
906 775 993 809 tam
1021 771 1222 822 impedite
1241 777 1287 810 ac
1306 776 1392 810 tam
1421 771 1574 811 incohi-

242 835 343 874 bili⁹
370 835 494 873 facile
523 839 647 886 atque
675 835 867 886 expedite
895 835 1153 874 incedentem
1184 839 1226 874 et
1254 847 1382 886 prope
1415 836 1574 875 accedit

242 903 284 938 et
312 899 544 938 iuncturam
576 899 886 950 posituramque
914 899 1019 949 ligni
1047 903 1148 938 scite
1177 904 1389 950 periteque
1417 900 1573 939 factam

241 964 474 1003 considerat
502 964 701 1014 petitque,
722 967 769 1002 ut
787 963 1002 1014 paululum
1031 963 1313 1014 adquiescat.¹⁰
1366 964 1483 1010 Quod
1501 964 1573 1003 ubi

242 1029 503 1077 Protagoras,
535 1032 582 1066 ut
615 1031 704 1066 erat
736 1032 926 1078 petitum,
960 1027 1062 1066 fecit
1097 1031 1221 1078 atque
1254 1028 1399 1066 itidem
1429 1029 1575 1067 Demo-

241 1092 370 1131 critus
408 1104 599 1130 acervum
637 1091 757 1130 illum
794 1096 836 1130 et
872 1091 991 1142 quasi
1029 1092 1168 1130 orbem
1205 1092 1422 1131 caudicum
1458 1092 1575 1131 brevi

241 1156 408 1194 vinculo
433 1156 773 1206 comprehensum
802 1155 961 1194 ratione
981 1156 1158 1206 quadam
1179 1155 1298 1206 quasi
1327 1156 1575 1205 geemetrica

241 1220 385 1259 librari
397 1219 421 1241 ¹¹
450 1220 733 1271 continerique
769 1220 1076 1268 animadvertit,
1104 1220 1376 1269 interrogavit
1401 1219 1495 1270 quis
1529 1220 1574 1259 id

242 1284 399 1333 lignum
430 1284 491 1322 ita
520 1284 830 1335 composuisset,
857 1288 910 1332 et,
941 1296 1034 1322 cum
1065 1283 1137 1322 ille
1167 1290 1192 1322 a
1223 1290 1266 1323 se
1299 1284 1572 1335 compositum

242 1348 429 1397 dixisset,
469 1348 720 1387 desideravit
756 1352 819 1386 uti
856 1348 1035 1387 solveret
1071 1354 1118 1386 ac
1154 1348 1288 1387 denuo
1325 1347 1370 1386 in
1405 1348 1572 1386 modum

242 1413 416 1451 eundem
445 1412 673 1451 collocaret.
732 1412 790 1450 At
810 1416 1029 1462 postquam
1059 1411 1131 1450 ille
1160 1411 1287 1451 solvit
1308 1418 1355 1451 ac
1378 1411 1574 1451 similiter

242 1476 485 1527 composuit,
523 1480 612 1514 tum
649 1475 923 1523 Democritus,
962 1476 1091 1514 animi
1127 1475 1256 1515 aciem
1268 1474 1295 1497 ¹²
1330 1475 1574 1516 sollertiam-

246 1555 326 1593 que
337 1541 365 1564 ¹³
391 1541 572 1580 hominis
601 1547 685 1578 nen
697 1539 724 1560 14
752 1540 863 1577 docti
892 1539 1132 1588 demiratus,
1163 1540 1263 1577 “Mi
1290 1539 1573 1588 adulescens,”

245 1606 383 1656 inquit
405 1609 428 1628 ‘⁴
440 1618 533 1642 cum
553 1603 767 1652 ingenium
785 1603 889 1641 bene
909 1602 1093 1641 faciendi
1114 1602 1278 1652 habeas,
1300 1606 1399 1641 sunt
1416 1602 1575 1642 maiera

243 1667 495 1717 melieraque
521 1678 626 1717 quae
653 1666 789 1704 facere
817 1672 977 1704 mecum
1003 1666 1176 1716 possis,''
1197 1665 1451 1716 abduxitque
1479 1677 1573 1705 eum

245 1731 387 1770 statim
417 1737 636 1780 secumque
654 1730 802 1768 habuit
821 1734 863 1768 et
882 1733 1094 1780 sumptum
1106 1728 1132 1750 ¹⁵
1150 1729 1406 1768 ministravit
1425 1733 1466 1768 et
1485 1729 1574 1780 phi-

244 1794 453 1846 losophias
474 1794 614 1833 docuit
634 1798 676 1833 et
695 1806 784 1833 esse
803 1806 897 1832 eum
917 1793 1030 1843 fecit,
1050 1797 1230 1844 quantus
1244 1792 1271 1814 ¹⁶
1289 1797 1433 1844 postea
1450 1793 1544 1832 fuit.

715 1886 743 1915 A
762 1886 858 1916 hired

244 1887 256 1908 1
276 1888 330 1917 i.e.
355 1888 443 1917 ‘was
471 1887 567 1916 hired
588 1887 672 1916 out.’
893 1886 929 1915 of
955 1886 1013 1916 the
1037 1886 1171 1915 Atomic
1197 1886 1342 1923 Theory,
1357 1894 1396 1915 or
1417 1885 1475 1915 the
1498 1885 1575 1915 doc-

893 1931 983 1961 trine
997 1931 1073 1960 that
1087 1931 1145 1961 the
1160 1931 1316 1961 universe
1337 1930 1366 1960 is
1387 1930 1517 1960 formed
1537 1930 1575 1960 ot

175 1979 259 2007 rius.
299 1977 313 1998 2
326 1976 494 2007 vecturas
512 1999 518 2005 .
538 1998 543 2005 .
561 1999 568 2006 .
582 1974 811 2006 factitavisse
825 1989 854 2000 =

176 2031 279 2052 onera
321 2030 455 2059 corpore
492 2030 552 2051 suo
586 2022 723 2051 vexisse.
777 2021 792 2041 ⁸
811 2030 856 2051 sc.

176 2068 365 2097 hominum.
406 2066 419 2087 ‘¹
435 2068 442 2080 ‘
454 2067 609 2104 porters.'
644 2065 658 2087 5
674 2067 700 2095 A
712 2070 803 2096 town
815 2075 858 2095 on

176 2113 233 2142 the
248 2113 409 2142 southern
421 2115 515 2141 coast
535 2111 571 2141 of
591 2112 730 2147 Thrace,
747 2112 859 2141 whose

176 2157 387 2187 inhabitants
398 2165 484 2186 were
494 2157 723 2194 proverbially
732 2156 857 2194 stupid.

176 2202 241 2232 Yet
256 2203 350 2231 three
365 2202 612 2239 distinguished
628 2201 859 2239 philosophers

175 2256 263 2277 were
278 2247 361 2276 born
378 2247 484 2283 there,
495 2246 764 2281 —Demoeritus,
783 2247 860 2275 Pro—

175 2294 325 2330 tagoras,
335 2291 401 2321 and
414 2291 646 2320 Anaxarchus.
684 2291 698 2312 6
713 2290 858 2321 ‘sticks.'

177 2335 189 2357 ⁷
210 2338 217 2351 ‘
230 2336 329 2374 rope!
380 2336 392 2357 ⁸
413 2336 625 2366 Democritus
645 2336 763 2373 (about
783 2336 860 2365 460-

175 2381 233 2410 360
255 2379 354 2417 13.c.)
381 2381 410 2411 is
435 2381 570 2411 famous
589 2389 628 2410 as
651 2381 709 2410 the
736 2380 859 2411 author

893 1979 1014 2006 atoms.
1033 1975 1263 2014 9‘unwieldy.'
1285 1975 1428 2006 1⁰·rest.·
1450 1975 1576 2005 11‘bal-

893 2021 1020 2051 anced.’
1076 2020 1104 2041 12
1128 2021 1347 2051 ‘acuteness’
1400 2019 1427 2041 ¹⁸
1450 2020 1572 2050 ‘skilL’

895 2065 920 2086 14
931 2065 1002 2095 nen
1012 2064 1206 2103 docti=qui
1216 2074 1284 2095 non
1295 2066 1411 2095 doctus
1422 2068 1506 2101 erat,
1516 2065 1572 2095 i.e.

894 2112 969 2140 who
979 2111 1044 2140 had
1058 2119 1159 2140 never
1170 2119 1238 2148 any
1249 2112 1255 2123 ⁴
1266 2109 1456 2148 schooling.'
1486 2109 1513 2130 1⁵
1523 2110 1574 2140 i.e.

896 2156 1065 2193 ‘supplied
1093 2155 1162 2184 him
1190 2156 1273 2185 with
1300 2154 1446 2192 money!
1487 2153 1515 2175 1⁶
1534 2154 1571 2184 P.

894 2201 1016 2238 taught
1041 2201 1094 2230 for
1118 2209 1221 2238 many
1245 2208 1344 2238 years
1367 2202 1404 2230 at
1431 2199 1572 2234 Athens,

894 2246 981 2275 until
996 2245 1146 2283 expelled
1162 2245 1215 2274 for
1231 2245 1359 2275 certain
1380 2244 1572 2274 atheistical

893 2290 1047 2328 opinions
1087 2289 1265 2327 expressed
1305 2290 1351 2327 by
1380 2289 1451 2318 him
1484 2289 1520 2318 in
1553 2297 1574 2319 a

893 2334 989 2365 work
1028 2334 1169 2364 entitled
1203 2335 1283 2375 Περὶ
1322 2335 1411 2366 Θεῶν
1448 2333 1496 2371 (=
1522 2333 1573 2363 De

896 2380 986 2415 Dis).
